Downloaded from http://www.GuruFocus.com on 2018-06-7 at 22:29(CST), Thursday
Filename: XKLS:1023.csv
Change log: For latest financial page display change  please click GuruFocus 30-Y Financials Page Item Changes.  Jan. 4  2017: Add 'Dividend Yield %' under 'Shiller PE Ratio' in 'Valuation Ratios' section.   Sep. 26  2016: Add 'Scaled Net Operating Assets' under 'Beneish M-Score' in 'Valuation and Quality' section.   Aug. 10  2016: Change 'LT Debt to Total Asset' to 'Total Debt to Total Asset'.   Jul. 29  2016: Add 'Effective Interest Rate on Debt %' below 'Weighted Average Cost Of Capital (WACC) %'.   Jul. 18  2016: Change 'Long-Term Debt' name to 'Long-Term Debt & Capital Lease Obligation'. Add 'Long-Term Debt' above 'Long-Term Debt & Capital Lease Obligation'. Move 'Capital Lease Obligation' in between 'Long-Term Debt' and 'Long-Term Debt & Capital Lease Obligation'.  May. 19  2016: Change 'Gross Margin %' to 'Net Interest Margin (Bank Only) %' for banks and insuance companies.   May. 13  2016: Add 'Current Ratio' below 'Sloan Ratio'. Add 'Quick Ratio' below 'Current Ratio'. Add 'Gross Profit to Total Asset' below 'LT Debt to Total Asset'.  Apr. 15  2016: Add 'Owner Earnings per Share (ttm)' below 'eps without NRI'. Add 'Price to Owner Earnings (ttm)' below 'PE Ratio (ttm)'.   Feb 12  2016: Change 'Filing Date' name to 'Restated Filing Date'. Add new 'Filing Date' above 'Restated Filing Date'. Remove 'Cumulative Effect Of Accounting Change' from Cashflow Statement (under Net Income).   Jan 28  2016: Add 'Total Debt per share' below 'Tangible Book per share'.   Jan 20  2016: Add 'Price-to-Operating-Cash-Flow ratio' below 'Price-to-Free-Cash-Flow ratio'.   Jan 18  2016: Add 'Net-Net Working Capital (per share)' below 'Net Current Asset Value (per share)'.  

XKLS:1023,CIMB Group Holdings Bhd,Malaysia,Financial Services,Banks,Banks - GlobalBanks - Global
Key Statistics:
"Price","6.34"
"Market Cap (Million)","58161.583"
"Shares Outstanding (Million)","9365.79"
"PE Ratio","12.17"
"PB Ratio","1.23"
"PS Ratio","3.29"

Growth Rates:
"Annual Rates (per share)","10 yrs","5 yrs","12 months"
"Revenue Growth (%)","4.10","1.00","6.30"
"EBITDA  Growth (%)","0.00","0.00","0.00"
"Free Cash Flow Growth (%)","0.00","0.00","0.00"
"Book Value Growth (%)","9.00","9.00","2.40"

30 Year Financials of XKLS:1023 - CIMB Group Holdings Bhd

All Numbers are in Millions except per share data and ratios; All shares outstanding data and per share data are split adjusted

Annual Data:,,,,,,,,,,,,,,,,,,,,,,,,,,,,,,,,,Quarterly Data:
"Fiscal Period","198812","198912","199012","199112","199212","199312","199412","199512","199612","199712","199812","199912","200012","200112","200212","200312","200412","200512","200612","200712","200812","200912","201012","201112","201212","201312","201412","201512","201612","201712","TTM/current",",","198406","198409","198412","198503","198506","198509","198512","198603","198606","198609","198612","198703","198706","198709","198712","198803","198806","198809","198812","198903","198906","198909","198912","199003","199006","199009","199012","199103","199106","199109","199112","199203","199206","199209","199212","199303","199306","199309","199312","199403","199406","199409","199412","199503","199506","199509","199512","199603","199606","199609","199612","199703","199706","199709","199712","199803","199806","199809","199812","199903","199906","199909","199912","200003","200006","200009","200012","200103","200106","200109","200112","200203","200206","200209","200212","200303","200306","200309","200312","200403","200406","200409","200412","200503","200506","200509","200512","200612","200712","200812","200912","201003","201012","201103","201112","201203","201206","201209","201212","201303","201306","201309","201312","201403","201406","201409","201412","201503","201506","201509","201512","201603","201606","201609","201612","201703","201706","201709","201712","201803"
"Revenue per Share","-","-","-","-","-","-","-","-","-","-","-","-","-","-","-","-","-","0.840","1.011","1.351","1.145","1.485","1.644","1.594","1.813","1.858","1.686","1.801","1.823","1.937","1.888","","-","-","-","-","-","-","-","-","-","-","-","-","-","-","-","-","-","-","-","-","-","-","-","-","-","-","-","-","-","-","-","-","-","-","-","-","-","-","-","-","-","-","-","-","-","-","-","-","-","-","-","-","-","-","-","-","-","-","-","-","-","-","-","-","-","-","-","-","-","-","-","-","-","-","-","-","-","-","-","-","-","-","-","-","-","-","0.000","0.000","0.000","0.000","0.000","0.395","0.000","0.370","0.000","0.438","0.447","0.476","0.452","0.461","0.455","0.456","0.483","0.434","0.410","0.420","0.421","0.436","0.453","0.452","0.459","0.437","0.444","0.461","0.479","0.488","0.477","0.487","0.478","0.446"
"EBITDA per Share","-","-","-","-","-","-","-","-","-","-","-","-","-","-","-","-","-","0.000","0.000","0.000","0.000","0.000","0.000","0.000","0.000","0.000","0.000","0.000","0.000","0.000","0.000","","-","-","-","-","-","-","-","-","-","-","-","-","-","-","-","-","-","-","-","-","-","-","-","-","-","-","-","-","-","-","-","-","-","-","-","-","-","-","-","-","-","-","-","-","-","-","-","-","-","-","-","-","-","-","-","-","-","-","-","-","-","-","-","-","-","-","-","-","-","-","-","-","-","-","-","-","-","-","-","-","-","-","-","-","-","-","0.000","0.000","0.000","0.000","0.000","0.000","0.000","0.000","0.000","0.000","0.000","0.000","0.000","0.000","0.000","0.000","0.000","0.000","0.000","0.000","0.000","0.000","0.000","0.000","0.000","0.000","0.000","0.000","0.000","0.000","0.000","0.000","0.000","0.000"
"EBIT per Share","-","-","-","-","-","-","-","-","-","-","-","-","-","-","-","-","-","0.000","0.000","0.000","0.000","0.000","0.000","0.000","0.000","0.000","0.000","0.000","0.000","0.000","0.000","","-","-","-","-","-","-","-","-","-","-","-","-","-","-","-","-","-","-","-","-","-","-","-","-","-","-","-","-","-","-","-","-","-","-","-","-","-","-","-","-","-","-","-","-","-","-","-","-","-","-","-","-","-","-","-","-","-","-","-","-","-","-","-","-","-","-","-","-","-","-","-","-","-","-","-","-","-","-","-","-","-","-","-","-","-","-","0.000","0.000","0.000","0.000","0.000","0.000","0.000","0.000","0.000","0.000","0.000","0.000","0.000","0.000","0.000","0.000","0.000","0.000","0.000","0.000","0.000","0.000","0.000","0.000","0.000","0.000","0.000","0.000","0.000","0.000","0.000","0.000","0.000","0.000"
"Earnings per Share (Diluted)","-","-","-","-","-","-","-","-","-","-","-","-","-","-","-","-","-","0.151","0.241","0.419","0.289","0.398","0.490","0.542","0.585","0.600","0.375","0.336","0.410","0.496","0.506","","-","-","-","-","-","-","-","-","-","-","-","-","-","-","-","-","-","-","-","-","-","-","-","-","-","-","-","-","-","-","-","-","-","-","-","-","-","-","-","-","-","-","-","-","-","-","-","-","-","-","-","-","-","-","-","-","-","-","-","-","-","-","-","-","-","-","-","-","-","-","-","-","-","-","-","-","-","-","-","-","-","-","-","-","-","-","-0.687","0.481","0.838","0.578","0.392","0.118","0.000","0.123","0.542","0.136","0.149","0.154","0.146","0.187","0.140","0.139","0.135","0.132","0.114","0.106","0.023","0.069","0.075","0.095","0.097","0.095","0.101","0.117","0.097","0.133","0.123","0.125","0.116","0.142"
"EPS without NRI","-","-","-","-","-","-","-","-","-","-","-","-","-","-","-","-","-","0.151","0.241","0.419","0.289","0.398","0.490","0.539","0.580","0.600","0.375","0.336","0.410","0.496","0.506","","-","-","-","-","-","-","-","-","-","-","-","-","-","-","-","-","-","-","-","-","-","-","-","-","-","-","-","-","-","-","-","-","-","-","-","-","-","-","-","-","-","-","-","-","-","-","-","-","-","-","-","-","-","-","-","-","-","-","-","-","-","-","-","-","-","-","-","-","-","-","-","-","-","-","-","-","-","-","-","-","-","-","-","-","-","-","-0.690","0.480","0.840","0.580","0.390","0.118","0.000","0.123","0.540","0.135","0.146","0.149","0.146","0.187","0.140","0.139","0.135","0.132","0.114","0.106","0.023","0.069","0.075","0.095","0.097","0.095","0.101","0.117","0.097","0.133","0.123","0.125","0.116","0.142"
"Owner Earnings per Share (TTM)","-","-","-","-","-","-","-","-","-","-","-","-","-","-","-","-","-","0.000","0.000","0.000","0.000","0.000","0.000","0.000","0.000","0.000","0.161","0.000","0.000","0.000","0.000","","-","-","-","-","-","-","-","-","-","-","-","-","-","-","-","-","-","-","-","-","-","-","-","-","-","-","-","-","-","-","-","-","-","-","-","-","-","-","-","-","-","-","-","-","-","-","-","-","-","-","-","-","-","-","-","-","-","-","-","-","-","-","-","-","-","-","-","-","-","-","-","-","-","-","-","-","-","-","-","-","-","-","-","-","-","-","0.000","0.000","0.000","0.000","0.000","0.000","0.000","0.000","0.000","0.000","0.000","0.000","0.000","0.000","0.000","0.000","0.000","0.000","0.000","-0.331","0.161","0.000","0.000","0.111","0.000","0.000","0.000","0.000","0.000","0.000","0.000","0.000","0.000","0.000"
"Free Cash Flow per Share","-","-","-","-","-","-","-","-","-","-","-","-","-","-","-","-","-","-1.413","0.477","2.338","-0.371","0.128","-0.489","1.272","0.114","0.492","0.394","-0.228","-0.002","1.913","0.000","","-","-","-","-","-","-","-","-","-","-","-","-","-","-","-","-","-","-","-","-","-","-","-","-","-","-","-","-","-","-","-","-","-","-","-","-","-","-","-","-","-","-","-","-","-","-","-","-","-","-","-","-","-","-","-","-","-","-","-","-","-","-","-","-","-","-","-","-","-","-","-","-","-","-","-","-","-","-","-","-","-","-","-","-","-","-","0.000","0.000","0.000","0.000","0.000","0.000","0.000","0.000","0.000","0.000","0.000","0.000","0.000","0.000","0.000","0.000","0.000","0.000","0.000","0.000","0.000","0.000","0.000","0.000","0.000","0.000","0.000","0.000","0.000","0.000","0.000","0.000","0.000","0.000"
"Operating Cash Flow per Share","-","-","-","-","-","-","-","-","-","-","-","-","-","-","-","-","-","-1.372","0.526","2.426","-0.302","0.221","-0.417","1.375","0.225","0.608","0.485","-0.117","0.117","1.992","1.901","","-","-","-","-","-","-","-","-","-","-","-","-","-","-","-","-","-","-","-","-","-","-","-","-","-","-","-","-","-","-","-","-","-","-","-","-","-","-","-","-","-","-","-","-","-","-","-","-","-","-","-","-","-","-","-","-","-","-","-","-","-","-","-","-","-","-","-","-","-","-","-","-","-","-","-","-","-","-","-","-","-","-","-","-","-","-","0.000","0.000","0.000","0.000","0.000","-0.435","0.000","-0.205","0.000","-0.104","-0.624","-0.117","1.070","0.541","-0.125","0.256","-0.054","-0.486","0.886","-0.460","0.525","1.144","-0.437","-0.565","-0.250","1.037","-0.586","0.867","-1.163","0.885","-0.322","0.725","0.699","0.799"
"Dividends per Share","-","-","-","-","-","-","-","-","-","-","-","-","-","-","-","-","-","0.050","0.050","0.075","0.125","0.125","0.139","0.200","0.150","0.312","0.203","0.080","0.190","0.250","0.250","","-","-","-","-","-","-","-","-","-","-","-","-","-","-","-","-","-","-","-","-","-","-","-","-","-","-","-","-","-","-","-","-","-","-","-","-","-","-","-","-","-","-","-","-","-","-","-","-","-","-","-","-","-","-","-","-","-","-","-","-","-","-","-","-","-","-","-","-","-","-","-","-","-","-","-","-","-","-","-","-","-","-","-","-","-","-","-0.480","0.000","0.000","0.000","0.000","0.093","0.000","0.080","0.200","0.100","0.000","0.050","0.000","0.184","0.000","0.128","0.000","0.103","0.000","0.100","0.000","0.050","0.000","0.030","0.000","0.110","0.000","0.080","0.000","0.120","0.000","0.000","0.130","0.120"
"Book Value per Share","-","-","-","-","-","-","-","-","-","-","-","-","-","-","-","-","-","1.713","1.850","2.328","2.389","2.880","3.141","3.501","3.807","3.916","4.435","4.814","5.109","5.230","5.089","","-","-","-","-","-","-","-","-","-","-","-","-","-","-","-","-","-","-","-","-","-","-","-","-","-","-","-","-","-","-","-","-","-","-","-","-","-","-","-","-","-","-","-","-","-","-","-","-","-","-","-","-","-","-","-","-","-","-","-","-","-","-","-","-","-","-","-","-","-","-","-","-","-","-","-","-","-","-","-","-","-","-","-","-","-","-","1.713","1.850","2.328","2.389","2.880","0.000","3.141","3.168","3.501","3.486","3.643","3.680","3.807","4.036","4.018","3.879","3.916","4.386","4.292","4.359","4.435","4.563","4.568","4.656","4.814","4.802","4.884","4.942","5.109","5.165","5.208","5.208","5.230","5.089"
"Tangible Book per Share","-","-","-","-","-","-","-","-","-","-","-","-","-","-","-","-","-","1.597","1.060","1.590","1.300","1.555","1.835","2.175","2.480","2.669","3.276","3.628","3.924","4.141","4.057","","-","-","-","-","-","-","-","-","-","-","-","-","-","-","-","-","-","-","-","-","-","-","-","-","-","-","-","-","-","-","-","-","-","-","-","-","-","-","-","-","-","-","-","-","-","-","-","-","-","-","-","-","-","-","-","-","-","-","-","-","-","-","-","-","-","-","-","-","-","-","-","-","-","-","-","-","-","-","-","-","-","-","-","-","-","-","1.597","1.060","1.590","1.300","1.555","0.000","1.835","1.867","2.175","2.180","2.324","2.377","2.480","2.707","2.713","2.635","2.669","3.166","3.116","3.201","3.276","3.394","3.408","3.470","3.628","3.609","3.702","3.771","3.924","4.012","4.070","4.102","4.141","4.057"
"Total Debt per Share","-","-","-","-","-","-","-","-","-","-","-","-","-","-","-","-","-","0.784","1.832","1.229","1.456","1.414","2.516","3.625","3.883","4.265","3.863","4.261","3.869","4.408","4.187","","-","-","-","-","-","-","-","-","-","-","-","-","-","-","-","-","-","-","-","-","-","-","-","-","-","-","-","-","-","-","-","-","-","-","-","-","-","-","-","-","-","-","-","-","-","-","-","-","-","-","-","-","-","-","-","-","-","-","-","-","-","-","-","-","-","-","-","-","-","-","-","-","-","-","-","-","-","-","-","-","-","-","-","-","-","-","0.784","1.832","1.229","1.456","1.414","0.000","2.516","1.914","3.625","0.785","0.852","0.987","3.883","3.755","3.826","3.785","4.265","4.047","3.774","3.945","3.863","4.208","4.430","4.767","4.261","4.554","4.054","3.971","3.869","4.374","4.803","4.521","4.408","4.187"
"Month End Stock Price","-","-","-","-","-","-","-","-","-","-","-","-","-","-","-","-","-","2.850","3.880","5.500","2.930","6.420","8.500","7.440","7.630","7.620","5.560","4.540","4.510","6.540","6.340","","-","-","-","-","-","-","-","-","-","-","-","-","-","-","-","-","-","-","-","-","-","-","-","-","-","-","-","-","-","-","-","-","-","-","-","-","-","-","-","-","-","-","-","-","-","-","-","-","-","-","-","-","-","-","-","-","-","-","-","-","-","-","-","-","-","-","-","-","-","-","-","-","-","-","-","-","-","-","-","-","-","-","-","-","-","-","2.850","3.880","5.500","2.930","6.420","7.030","8.500","8.200","7.440","7.690","7.570","7.500","7.630","7.630","8.280","7.520","7.620","7.150","7.320","7.030","5.560","6.220","5.470","4.460","4.540","4.850","4.360","4.710","4.510","5.570","6.580","6.300","6.540","7.190"
"ROE %","-","-","-","-","-","-","-","-","-","-","-","-","-","-","-","-","-","8.400","13.790","20.030","11.760","14.830","15.970","16.200","15.880","15.400","9.130","7.230","8.220","9.530","9.660","","-","-","-","-","-","-","-","-","-","-","-","-","-","-","-","-","-","-","-","-","-","-","-","-","-","-","-","-","-","-","-","-","-","-","-","-","-","-","-","-","-","-","-","-","-","-","-","-","-","-","-","-","-","-","-","-","-","-","-","-","-","-","-","-","-","-","-","-","-","-","-","-","-","-","-","-","-","-","-","-","-","-","-","-","-","-","0.000","0.000","0.000","0.000","0.000","32.630","0.000","15.510","0.000","15.450","16.630","16.670","15.440","18.900","13.900","14.000","13.690","12.880","10.610","9.790","2.150","6.090","6.600","8.160","8.140","7.900","8.340","9.450","7.630","10.210","9.350","9.480","8.770","10.930"
"ROE % Adjusted to Book Value","-","-","-","-","-","-","-","-","-","-","-","-","-","-","-","-","-","5.060","6.570","8.490","9.560","6.650","5.890","7.610","7.940","7.900","7.300","7.690","9.340","7.620","7.850","","-","-","-","-","-","-","-","-","-","-","-","-","-","-","-","-","-","-","-","-","-","-","-","-","-","-","-","-","-","-","-","-","-","-","-","-","-","-","-","-","-","-","-","-","-","-","-","-","-","-","-","-","-","-","-","-","-","-","-","-","-","-","-","-","-","-","-","-","-","-","-","-","-","-","-","-","-","-","-","-","-","-","-","-","-","-","0.000","0.000","0.000","0.000","0.000","0.000","0.000","5.990","0.000","6.990","8.000","8.170","7.720","10.000","6.750","7.220","7.020","7.900","6.200","6.080","1.720","4.480","5.500","8.500","8.660","7.820","9.370","9.950","8.670","9.450","7.420","7.830","7.020","7.750"
"ROA %","-","-","-","-","-","-","-","-","-","-","-","-","-","-","-","-","-","0.910","1.190","1.720","1.030","1.360","1.450","1.420","1.370","1.280","0.790","0.650","0.750","0.900","0.910","","-","-","-","-","-","-","-","-","-","-","-","-","-","-","-","-","-","-","-","-","-","-","-","-","-","-","-","-","-","-","-","-","-","-","-","-","-","-","-","-","-","-","-","-","-","-","-","-","-","-","-","-","-","-","-","-","-","-","-","-","-","-","-","-","-","-","-","-","-","-","-","-","-","-","-","-","-","-","-","-","-","-","-","-","-","-","0.000","0.000","0.000","0.000","0.000","2.790","0.000","1.350","0.000","1.330","1.420","1.430","1.310","1.580","1.160","1.160","1.120","1.140","0.990","0.920","0.200","0.540","0.580","0.700","0.710","0.700","0.750","0.860","0.700","0.950","0.880","0.900","0.840","1.030"
"ROIC %","-","-","-","-","-","-","-","-","-","-","-","-","-","-","-","-","-","0.000","0.000","0.000","0.000","0.000","0.000","0.000","0.000","0.000","0.000","0.000","0.000","0.000","0.000","","-","-","-","-","-","-","-","-","-","-","-","-","-","-","-","-","-","-","-","-","-","-","-","-","-","-","-","-","-","-","-","-","-","-","-","-","-","-","-","-","-","-","-","-","-","-","-","-","-","-","-","-","-","-","-","-","-","-","-","-","-","-","-","-","-","-","-","-","-","-","-","-","-","-","-","-","-","-","-","-","-","-","-","-","-","-","0.000","0.000","0.000","0.000","0.000","0.000","0.000","0.000","0.000","0.000","0.000","0.000","0.000","0.000","0.000","0.000","0.000","0.000","0.000","0.000","0.000","0.000","0.000","0.000","0.000","0.000","0.000","0.000","0.000","0.000","0.000","0.000","0.000","0.000"
"WACC %","-","-","-","-","-","-","-","-","-","-","-","-","-","-","-","-","-","0.000","0.000","0.000","0.000","0.000","0.000","11.920","15.180","15.130","14.300","14.820","15.410","15.230","15.760","","-","-","-","-","-","-","-","-","-","-","-","-","-","-","-","-","-","-","-","-","-","-","-","-","-","-","-","-","-","-","-","-","-","-","-","-","-","-","-","-","-","-","-","-","-","-","-","-","-","-","-","-","-","-","-","-","-","-","-","-","-","-","-","-","-","-","-","-","-","-","-","-","-","-","-","-","-","-","-","-","-","-","-","-","-","-","0.000","0.000","0.000","0.000","0.000","0.000","0.000","13.360","11.920","13.440","15.630","14.900","15.180","14.500","14.660","15.030","15.130","14.740","14.140","13.740","14.300","13.960","14.170","13.900","14.820","14.750","14.390","14.170","15.410","15.580","15.290","15.590","15.230","15.510"
"Effective Interest Rate on Debt %","-","-","-","-","-","-","-","-","-","-","-","-","-","-","-","-","-","68.860","54.980","46.720","52.690","43.810","32.290","26.320","22.020","21.750","22.600","25.570","25.610","24.150","22.170","","-","-","-","-","-","-","-","-","-","-","-","-","-","-","-","-","-","-","-","-","-","-","-","-","-","-","-","-","-","-","-","-","-","-","-","-","-","-","-","-","-","-","-","-","-","-","-","-","-","-","-","-","-","-","-","-","-","-","-","-","-","-","-","-","-","-","-","-","-","-","-","-","-","-","-","-","-","-","-","-","-","-","-","-","-","-","0.000","0.000","0.000","0.000","0.000","77.920","0.000","33.130","0.000","38.160","98.480","89.510","34.350","23.100","22.920","23.710","22.350","21.200","22.600","23.150","24.080","24.620","23.360","23.070","24.180","24.600","24.060","25.750","25.820","23.880","21.630","21.760","22.190","22.210"
"Net Interest Margin (Bank Only) %","-","-","-","-","-","-","-","-","-","-","-","-","-","-","-","-","-","4.320","4.590","4.720","4.370","4.680","4.640","4.080","4.020","4.210","4.140","3.870","3.620","3.730","3.530","","-","-","-","-","-","-","-","-","-","-","-","-","-","-","-","-","-","-","-","-","-","-","-","-","-","-","-","-","-","-","-","-","-","-","-","-","-","-","-","-","-","-","-","-","-","-","-","-","-","-","-","-","-","-","-","-","-","-","-","-","-","-","-","-","-","-","-","-","-","-","-","-","-","-","-","-","-","-","-","-","-","-","-","-","-","-","0.000","0.000","0.000","0.000","0.000","9.020","0.000","4.170","0.000","3.700","3.870","3.800","4.020","4.090","4.080","4.080","4.090","4.120","4.300","4.230","4.180","3.920","3.890","3.880","3.790","3.700","3.670","3.720","3.850","3.750","3.800","3.700","3.600","3.200"
"Operating Margin %","-","-","-","-","-","-","-","-","-","-","-","-","-","-","-","-","-","0.000","0.000","0.000","0.000","0.000","0.000","0.000","0.000","0.000","0.000","0.000","0.000","0.000","0.000","","-","-","-","-","-","-","-","-","-","-","-","-","-","-","-","-","-","-","-","-","-","-","-","-","-","-","-","-","-","-","-","-","-","-","-","-","-","-","-","-","-","-","-","-","-","-","-","-","-","-","-","-","-","-","-","-","-","-","-","-","-","-","-","-","-","-","-","-","-","-","-","-","-","-","-","-","-","-","-","-","-","-","-","-","-","-","0.000","0.000","0.000","0.000","0.000","0.000","0.000","0.000","0.000","0.000","0.000","0.000","0.000","0.000","0.000","0.000","0.000","0.000","0.000","0.000","0.000","0.000","0.000","0.000","0.000","0.000","0.000","0.000","0.000","0.000","0.000","0.000","0.000","0.000"
"Net Margin %","-","-","-","-","-","-","-","-","-","-","-","-","-","-","-","-","-","21.790","25.170","32.340","26.000","29.070","31.240","34.030","32.250","32.270","22.230","18.670","22.500","25.630","26.710","","-","-","-","-","-","-","-","-","-","-","-","-","-","-","-","-","-","-","-","-","-","-","-","-","-","-","-","-","-","-","-","-","-","-","-","-","-","-","-","-","-","-","-","-","-","-","-","-","-","-","-","-","-","-","-","-","-","-","-","-","-","-","-","-","-","-","-","-","-","-","-","-","-","-","-","-","-","-","-","-","-","-","-","-","-","-","0.000","0.000","0.000","0.000","0.000","30.060","0.000","33.320","0.000","31.070","33.430","32.270","32.190","40.440","30.750","30.550","27.790","30.310","27.910","25.400","5.640","15.780","16.690","20.940","21.080","21.850","22.660","25.450","20.120","27.280","25.670","25.690","24.050","31.760"
"FCF Margin %","-","-","-","-","-","-","-","-","-","-","-","-","-","-","-","-","-","-168.350","47.210","173.060","-32.440","8.610","-29.760","79.820","6.280","26.490","23.340","-12.660","-0.120","98.760","","","","","","","","","","","","","","","","","","","","","","","","","","","","","","","","","","","","","","","","","","","","","","","","","","","","","","","","","","","","","","","","","","","","","","","","","","","","","","","","","","","","","","","","","","","","","","0.000","","0.000","","0.000","0.000","0.000","0.000","0.000","0.000","0.000","0.000","0.000","0.000","0.000","0.000","0.000","0.000","0.000","0.000","0.000","0.000","0.000","0.000","0.000","0.000","0.000","0.000","0.000"
"Debt-to-Equity","-","-","-","-","-","-","-","-","-","-","-","-","-","-","-","-","-","0.449","0.973","0.521","0.602","0.486","0.794","1.027","1.013","1.082","0.866","0.881","0.754","0.839","0.819","","-","-","-","-","-","-","-","-","-","-","-","-","-","-","-","-","-","-","-","-","-","-","-","-","-","-","-","-","-","-","-","-","-","-","-","-","-","-","-","-","-","-","-","-","-","-","-","-","-","-","-","-","-","-","-","-","-","-","-","-","-","-","-","-","-","-","-","-","-","-","-","-","-","-","-","-","-","-","-","-","-","-","-","-","-","-","0.449","0.973","0.521","0.602","0.486","-","0.794","0.599","1.027","0.223","0.232","0.266","1.013","0.924","0.946","0.969","1.082","0.918","0.875","0.900","0.866","0.917","0.965","1.019","0.881","0.944","0.826","0.800","0.754","0.843","0.918","0.864","0.839","0.819"
"Equity-to-Asset","-","-","-","-","-","-","-","-","-","-","-","-","-","-","-","-","-","0.087","0.076","0.087","0.084","0.086","0.087","0.088","0.085","0.082","0.091","0.089","0.094","0.096","0.092","","-","-","-","-","-","-","-","-","-","-","-","-","-","-","-","-","-","-","-","-","-","-","-","-","-","-","-","-","-","-","-","-","-","-","-","-","-","-","-","-","-","-","-","-","-","-","-","-","-","-","-","-","-","-","-","-","-","-","-","-","-","-","-","-","-","-","-","-","-","-","-","-","-","-","-","-","-","-","-","-","-","-","-","-","-","-","0.000","0.000","0.000","0.000","0.000","0.000","0.000","0.087","0.000","0.084","0.086","0.086","0.085","0.083","0.084","0.081","0.082","0.094","0.093","0.094","0.091","0.088","0.088","0.084","0.089","0.088","0.091","0.091","0.094","0.093","0.095","0.095","0.096","0.092"
"Debt-to-Asset","-","-","-","-","-","-","-","-","-","-","-","-","-","-","-","-","-","0.039","0.074","0.045","0.050","0.042","0.069","0.090","0.086","0.089","0.079","0.079","0.071","0.080","0.076","","-","-","-","-","-","-","-","-","-","-","-","-","-","-","-","-","-","-","-","-","-","-","-","-","-","-","-","-","-","-","-","-","-","-","-","-","-","-","-","-","-","-","-","-","-","-","-","-","-","-","-","-","-","-","-","-","-","-","-","-","-","-","-","-","-","-","-","-","-","-","-","-","-","-","-","-","-","-","-","-","-","-","-","-","-","-","0.000","0.000","0.000","0.000","0.000","0.000","0.000","0.052","0.000","0.019","0.020","0.023","0.086","0.076","0.079","0.079","0.089","0.086","0.081","0.085","0.079","0.081","0.085","0.086","0.079","0.083","0.075","0.073","0.071","0.078","0.087","0.082","0.080","0.076"
"Asset Turnover","-","-","-","-","-","-","-","-","-","-","-","-","-","-","-","-","-","0.042","0.047","0.053","0.040","0.047","0.046","0.042","0.042","0.040","0.036","0.035","0.033","0.035","0.030","","-","-","-","-","-","-","-","-","-","-","-","-","-","-","-","-","-","-","-","-","-","-","-","-","-","-","-","-","-","-","-","-","-","-","-","-","-","-","-","-","-","-","-","-","-","-","-","-","-","-","-","-","-","-","-","-","-","-","-","-","-","-","-","-","-","-","-","-","-","-","-","-","-","-","-","-","-","-","-","-","-","-","-","-","-","-","0.000","0.000","0.000","0.000","0.000","0.023","0.000","0.010","0.000","0.011","0.011","0.011","0.010","0.010","0.009","0.009","0.010","0.009","0.009","0.009","0.009","0.009","0.009","0.008","0.008","0.008","0.008","0.008","0.009","0.009","0.009","0.009","0.009","0.008"
"Dividend Payout Ratio","-","-","-","-","-","-","-","-","-","-","-","-","-","-","-","-","-","0.331","0.207","0.179","0.433","0.314","0.284","0.371","0.259","0.520","0.541","0.238","0.463","0.504","0.500","","-","-","-","-","-","-","-","-","-","-","-","-","-","-","-","-","-","-","-","-","-","-","-","-","-","-","-","-","-","-","-","-","-","-","-","-","-","-","-","-","-","-","-","-","-","-","-","-","-","-","-","-","-","-","-","-","-","-","-","-","-","-","-","-","-","-","-","-","-","-","-","-","-","-","-","-","-","-","-","-","-","-","-","-","-","-","0.000","0.000","0.000","0.000","0.000","0.788","0.000","0.650","0.370","0.741","0.000","0.336","0.000","0.984","0.000","0.921","0.000","0.780","0.000","0.943","0.000","0.725","0.000","0.316","0.000","1.158","0.000","0.684","0.000","0.902","0.000","0.000","1.121","0.845"
"  Interest Income","-","-","-","-","-","-","-","-","-","-","-","-","-","-","-","-","-","6,025.130","8,077.168","9,058.223","9,590.423","10,539.770","11,168.858","12,681.512","13,540.605","14,677.300","16,059.003","18,140.817","18,871.909","19,510.653","19,282.838","","-","-","-","-","-","-","-","-","-","-","-","-","-","-","-","-","-","-","-","-","-","-","-","-","-","-","-","-","-","-","-","-","-","-","-","-","-","-","-","-","-","-","-","-","-","-","-","-","-","-","-","-","-","-","-","-","-","-","-","-","-","-","-","-","-","-","-","-","-","-","-","-","-","-","-","-","-","-","-","-","-","-","-","-","-","-","0.000","0.000","0.000","0.000","0.000","2,576.625","0.000","2,957.553","0.000","3,301.229","3,362.281","3,414.977","3,462.118","3,536.303","3,601.627","3,755.667","3,786.734","3,810.356","3,988.620","4,040.241","4,222.245","4,282.802","4,399.563","4,670.519","4,787.933","4,694.918","4,577.346","4,710.499","4,889.146","4,851.509","4,930.442","4,920.156","4,811.432","4,620.808"
"  Interest Expense","-","-","-","-","-","-","-","-","-","-","-","-","-","-","-","-","-","-3,038.883","-4,420.721","-4,662.293","-4,929.827","-4,470.864","-4,631.581","-6,005.261","-6,144.725","-6,723.154","-7,403.455","-8,804.073","-9,045.983","-9,051.556","-9,049.503","","-","-","-","-","-","-","-","-","-","-","-","-","-","-","-","-","-","-","-","-","-","-","-","-","-","-","-","-","-","-","-","-","-","-","-","-","-","-","-","-","-","-","-","-","-","-","-","-","-","-","-","-","-","-","-","-","-","-","-","-","-","-","-","-","-","-","-","-","-","-","-","-","-","-","-","-","-","-","-","-","-","-","-","-","-","-","0.000","0.000","0.000","0.000","0.000","-972.824","0.000","-1,363.447","0.000","-1,563.551","-1,497.521","-1,529.311","-1,554.342","-1,639.679","-1,626.076","-1,722.024","-1,738.406","-1,743.591","-1,813.157","-1,869.190","-1,979.976","-2,091.849","-2,130.863","-2,254.450","-2,326.911","-2,311.093","-2,225.369","-2,265.190","-2,244.331","-2,205.964","-2,246.286","-2,317.136","-2,285.056","-2,201.025"
"Net Interest Income","-","-","-","-","-","-","-","-","-","-","-","-","-","-","-","-","-","2,986.247","3,656.447","4,395.930","4,660.596","6,068.906","6,537.277","6,676.251","7,395.880","7,954.146","8,655.548","9,336.744","9,825.926","10,459.097","10,233.335","","-","-","-","-","-","-","-","-","-","-","-","-","-","-","-","-","-","-","-","-","-","-","-","-","-","-","-","-","-","-","-","-","-","-","-","-","-","-","-","-","-","-","-","-","-","-","-","-","-","-","-","-","-","-","-","-","-","-","-","-","-","-","-","-","-","-","-","-","-","-","-","-","-","-","-","-","-","-","-","-","-","-","-","-","-","-","0.000","0.000","0.000","0.000","0.000","1,603.801","0.000","1,594.106","0.000","1,737.678","1,864.760","1,885.666","1,907.776","1,896.624","1,975.551","2,033.643","2,048.328","2,066.765","2,175.463","2,171.051","2,242.269","2,190.953","2,268.700","2,416.069","2,461.022","2,383.825","2,351.977","2,445.309","2,644.815","2,645.545","2,684.156","2,603.020","2,526.376","2,419.783"
"Non Interest Income","-","-","-","-","-","-","-","-","-","-","-","-","-","-","-","-","-","1,736.733","2,736.123","4,614.731","3,079.916","4,414.245","5,273.428","5,168.268","6,078.054","6,114.637","5,320.099","5,928.846","6,016.788","7,004.143","6,988.695","","-","-","-","-","-","-","-","-","-","-","-","-","-","-","-","-","-","-","-","-","-","-","-","-","-","-","-","-","-","-","-","-","-","-","-","-","-","-","-","-","-","-","-","-","-","-","-","-","-","-","-","-","-","-","-","-","-","-","-","-","-","-","-","-","-","-","-","-","-","-","-","-","-","-","-","-","-","-","-","-","-","-","-","-","-","-","0.000","0.000","0.000","0.000","0.000","1,183.791","0.000","1,156.277","0.000","1,514.897","1,455.033","1,655.797","1,452.327","1,531.467","1,452.680","1,442.142","1,688.348","1,451.358","1,227.939","1,334.109","1,306.693","1,485.830","1,564.408","1,422.327","1,456.281","1,340.942","1,499.687","1,575.472","1,600.687","1,680.735","1,610.669","1,804.060","1,882.643","1,691.323"
"Revenue","-","-","-","-","-","-","-","-","-","-","-","-","-","-","-","-","-","4,722.980","6,392.570","9,010.661","7,740.512","10,483.151","11,810.705","11,844.519","13,473.934","14,068.783","13,975.647","15,265.590","15,842.714","17,463.240","17,222.030","","-","-","-","-","-","-","-","-","-","-","-","-","-","-","-","-","-","-","-","-","-","-","-","-","-","-","-","-","-","-","-","-","-","-","-","-","-","-","-","-","-","-","-","-","-","-","-","-","-","-","-","-","-","-","-","-","-","-","-","-","-","-","-","-","-","-","-","-","-","-","-","-","-","-","-","-","-","-","-","-","-","-","-","-","-","-","0.000","0.000","0.000","0.000","0.000","2,787.592","0.000","2,750.383","0.000","3,252.575","3,319.793","3,541.463","3,360.103","3,428.091","3,428.231","3,475.785","3,736.676","3,518.123","3,403.402","3,505.160","3,548.962","3,676.783","3,833.108","3,838.396","3,917.303","3,724.767","3,851.664","4,020.781","4,245.502","4,326.280","4,294.825","4,407.080","4,409.019","4,111.106"
"Credit Losses Provision","-","-","-","-","-","-","-","-","-","-","-","-","-","-","-","-","-","0.000","0.000","0.000","0.000","0.000","0.000","0.000","0.000","0.000","0.000","0.000","0.000","0.000","0.000","","-","-","-","-","-","-","-","-","-","-","-","-","-","-","-","-","-","-","-","-","-","-","-","-","-","-","-","-","-","-","-","-","-","-","-","-","-","-","-","-","-","-","-","-","-","-","-","-","-","-","-","-","-","-","-","-","-","-","-","-","-","-","-","-","-","-","-","-","-","-","-","-","-","-","-","-","-","-","-","-","-","-","-","-","-","-","0.000","0.000","0.000","0.000","0.000","0.000","0.000","0.000","0.000","0.000","0.000","0.000","0.000","0.000","0.000","0.000","0.000","0.000","0.000","0.000","0.000","0.000","0.000","0.000","0.000","0.000","0.000","0.000","0.000","0.000","0.000","0.000","0.000","0.000"
"Selling, General, & Admin. Expense","-","-","-","-","-","-","-","-","-","-","-","-","-","-","-","-","-","0.000","902.098","1,277.266","1,279.761","1,915.368","2,401.726","1,506.057","1,497.484","1,500.797","1,458.787","1,514.077","1,495.442","1,533.125","1,525.292","","-","-","-","-","-","-","-","-","-","-","-","-","-","-","-","-","-","-","-","-","-","-","-","-","-","-","-","-","-","-","-","-","-","-","-","-","-","-","-","-","-","-","-","-","-","-","-","-","-","-","-","-","-","-","-","-","-","-","-","-","-","-","-","-","-","-","-","-","-","-","-","-","-","-","-","-","-","-","-","-","-","-","-","-","-","-","0.000","0.000","0.000","0.000","0.000","0.000","0.000","0.000","0.000","362.892","443.166","400.010","307.656","372.317","375.030","372.336","381.114","329.436","344.232","362.435","422.684","355.446","378.603","372.703","399.016","367.622","336.087","388.580","403.153","375.490","352.086","348.758","456.791","367.657"
"  SpecialCharges","-","-","-","-","-","-","-","-","-","-","-","-","-","-","-","-","-","0.000","0.000","0.000","0.000","1,156.380","714.274","-269.412","28.664","-306.880","21.397","562.496","-16.776","11.911","-174.061","","-","-","-","-","-","-","-","-","-","-","-","-","-","-","-","-","-","-","-","-","-","-","-","-","-","-","-","-","-","-","-","-","-","-","-","-","-","-","-","-","-","-","-","-","-","-","-","-","-","-","-","-","-","-","-","-","-","-","-","-","-","-","-","-","-","-","-","-","-","-","-","-","-","-","-","-","-","-","-","-","-","-","-","-","-","-","0.000","0.000","0.000","0.000","0.000","0.000","0.000","0.000","0.000","9.633","11.664","-4.155","11.522","-514.070","-11.529","5.388","213.331","-0.169","5.071","-10.200","26.695","-7.272","316.693","137.397","115.678","50.010","16.211","-120.566","37.569","-8.245","-9.356","18.105","-14.629","-168.181"
"Other Noninterest Expense","-","-","-","-","-","-","-","-","-","-","-","-","-","-","-","-","-","4,722.980","5,490.472","7,733.395","6,460.751","8,567.783","9,408.979","10,338.462","11,976.450","12,567.986","12,516.860","13,751.513","14,347.272","15,930.115","15,696.738","","-","-","-","-","-","-","-","-","-","-","-","-","-","-","-","-","-","-","-","-","-","-","-","-","-","-","-","-","-","-","-","-","-","-","-","-","-","-","-","-","-","-","-","-","-","-","-","-","-","-","-","-","-","-","-","-","-","-","-","-","-","-","-","-","-","-","-","-","-","-","-","-","-","-","-","-","-","-","-","-","-","-","-","-","-","-","0.000","0.000","0.000","0.000","0.000","2,787.592","0.000","2,750.383","0.000","2,889.683","2,876.627","3,141.453","3,052.447","3,055.774","3,053.201","3,103.449","3,355.562","3,188.687","3,059.170","3,142.725","3,126.278","3,321.337","3,454.505","3,465.693","3,518.287","3,357.145","3,515.577","3,632.201","3,842.349","3,950.790","3,942.739","4,058.322","3,952.228","3,743.449"
"Operating Income","-","-","-","-","-","-","-","-","-","-","-","-","-","-","-","-","-","0.000","0.000","0.000","0.000","0.000","0.000","0.000","0.000","0.000","0.000","0.000","0.000","0.000","0.000","","-","-","-","-","-","-","-","-","-","-","-","-","-","-","-","-","-","-","-","-","-","-","-","-","-","-","-","-","-","-","-","-","-","-","-","-","-","-","-","-","-","-","-","-","-","-","-","-","-","-","-","-","-","-","-","-","-","-","-","-","-","-","-","-","-","-","-","-","-","-","-","-","-","-","-","-","-","-","-","-","-","-","-","-","-","-","0.000","0.000","0.000","0.000","0.000","0.000","0.000","0.000","0.000","0.000","0.000","0.000","0.000","0.000","0.000","0.000","0.000","0.000","0.000","0.000","0.000","0.000","0.000","0.000","0.000","0.000","0.000","0.000","0.000","0.000","0.000","0.000","0.000","0.000"
"Other Income (Expense)","-","-","-","-","-","-","-","-","-","-","-","-","-","-","-","-","-","1,309.967","2,002.042","3,685.803","2,715.659","3,811.877","4,646.750","5,179.729","5,638.311","5,849.229","4,276.423","3,913.993","4,884.144","6,109.985","6,239.280","","-","-","-","-","-","-","-","-","-","-","-","-","-","-","-","-","-","-","-","-","-","-","-","-","-","-","-","-","-","-","-","-","-","-","-","-","-","-","-","-","-","-","-","-","-","-","-","-","-","-","-","-","-","-","-","-","-","-","-","-","-","-","-","-","-","-","-","-","-","-","-","-","-","-","-","-","-","-","-","-","-","-","-","-","-","-","0.000","0.000","0.000","0.000","0.000","1,128.749","0.000","1,232.571","0.000","1,331.634","1,451.698","1,487.971","1,367.008","1,718.494","1,386.423","1,386.257","1,358.055","1,431.069","1,281.153","1,179.263","384.938","823.580","883.744","1,074.508","1,132.161","1,123.129","1,188.611","1,360.750","1,211.654","1,613.598","1,433.657","1,527.351","1,535.379","1,742.893"
"  Other Income (Minority Interest)","-","-","-","-","-","-","-","-","-","-","-","-","-","-","-","-","-","202.402","104.447","120.902","60.508","-240.251","-169.084","-43.528","-52.031","-68.419","-67.749","-46.436","-68.767","-132.791","-135.646","","-","-","-","-","-","-","-","-","-","-","-","-","-","-","-","-","-","-","-","-","-","-","-","-","-","-","-","-","-","-","-","-","-","-","-","-","-","-","-","-","-","-","-","-","-","-","-","-","-","-","-","-","-","-","-","-","-","-","-","-","-","-","-","-","-","-","-","-","-","-","-","-","-","-","-","-","-","-","-","-","-","-","-","-","-","-","0.000","0.000","0.000","0.000","0.000","-74.216","0.000","-16.743","0.000","-12.302","-9.100","-22.607","-8.022","-16.196","-16.794","-17.046","-18.383","-15.940","-14.133","-12.673","-25.003","-10.211","-12.049","-14.310","-9.866","-15.998","-3.079","-25.654","-24.036","-30.743","-35.791","-33.095","-33.162","-33.598"
"Pre-Tax Income","-","-","-","-","-","-","-","-","-","-","-","-","-","-","-","-","-","1,309.967","2,002.042","3,685.803","2,715.659","3,811.877","4,646.750","5,179.729","5,638.311","5,849.229","4,276.423","3,913.993","4,884.144","6,109.985","6,239.280","","-","-","-","-","-","-","-","-","-","-","-","-","-","-","-","-","-","-","-","-","-","-","-","-","-","-","-","-","-","-","-","-","-","-","-","-","-","-","-","-","-","-","-","-","-","-","-","-","-","-","-","-","-","-","-","-","-","-","-","-","-","-","-","-","-","-","-","-","-","-","-","-","-","-","-","-","-","-","-","-","-","-","-","-","-","-","0.000","0.000","0.000","0.000","0.000","1,128.749","0.000","1,232.571","0.000","1,331.634","1,451.698","1,487.971","1,367.008","1,718.494","1,386.423","1,386.257","1,358.055","1,431.069","1,281.153","1,179.263","384.938","823.580","883.744","1,074.508","1,132.161","1,123.129","1,188.611","1,360.750","1,211.654","1,613.598","1,433.657","1,527.351","1,535.379","1,742.893"
"Tax Provision","-","-","-","-","-","-","-","-","-","-","-","-","-","-","-","-","-","-280.740","-393.168","-771.628","-703.113","-764.810","-956.830","-1,128.816","-1,281.086","-1,240.407","-1,101.866","-1,018.048","-1,251.187","-1,502.019","-1,502.843","","-","-","-","-","-","-","-","-","-","-","-","-","-","-","-","-","-","-","-","-","-","-","-","-","-","-","-","-","-","-","-","-","-","-","-","-","-","-","-","-","-","-","-","-","-","-","-","-","-","-","-","-","-","-","-","-","-","-","-","-","-","-","-","-","-","-","-","-","-","-","-","-","-","-","-","-","-","-","-","-","-","-","-","-","-","-","0.000","0.000","0.000","0.000","0.000","-216.450","0.000","-299.317","0.000","-318.253","-350.739","-330.338","-281.756","-316.120","-315.362","-307.520","-301.405","-348.847","-317.082","-276.320","-159.617","-233.245","-231.941","-256.306","-296.556","-293.327","-312.706","-311.921","-333.233","-402.597","-295.402","-362.032","-441.988","-403.421"
"Tax Rate %","-","-","-","-","-","-","-","-","-","-","-","-","-","-","-","-","-","21.430","19.640","20.940","25.890","20.060","20.590","21.790","22.720","21.210","25.770","26.010","25.620","24.580","24.090","","-","-","-","-","-","-","-","-","-","-","-","-","-","-","-","-","-","-","-","-","-","-","-","-","-","-","-","-","-","-","-","-","-","-","-","-","-","-","-","-","-","-","-","-","-","-","-","-","-","-","-","-","-","-","-","-","-","-","-","-","-","-","-","-","-","-","-","-","-","-","-","-","-","-","-","-","-","-","-","-","-","-","-","-","-","-","0.000","0.000","0.000","0.000","0.000","19.180","0.000","24.280","0.000","23.900","24.160","22.200","20.610","18.400","22.750","22.180","22.190","24.380","24.750","23.430","41.470","28.320","26.250","23.850","26.190","26.120","26.310","22.920","27.500","24.950","20.600","23.700","28.790","23.150"
"Net Income (Continuing Operations)","-","-","-","-","-","-","-","-","-","-","-","-","-","-","-","-","-","826.825","1,504.427","2,793.273","1,952.038","3,287.318","3,859.004","4,050.913","4,357.225","4,608.822","3,174.557","2,895.945","3,632.957","4,607.966","4,736.437","","-","-","-","-","-","-","-","-","-","-","-","-","-","-","-","-","-","-","-","-","-","-","-","-","-","-","-","-","-","-","-","-","-","-","-","-","-","-","-","-","-","-","-","-","-","-","-","-","-","-","-","-","-","-","-","-","-","-","-","-","-","-","-","-","-","-","-","-","-","-","-","-","-","-","-","-","-","-","-","-","-","-","-","-","-","-","0.000","0.000","0.000","0.000","0.000","912.299","0.000","933.254","0.000","1,013.381","1,100.959","1,157.633","1,085.252","1,402.374","1,071.061","1,078.737","1,056.650","1,082.222","964.071","902.943","225.321","590.335","651.803","818.202","835.605","829.802","875.905","1,048.829","878.421","1,211.001","1,138.255","1,165.319","1,093.391","1,339.472"
"Net Income (Discontinued Operations)","-","-","-","-","-","-","-","-","-","-","-","-","-","-","-","-","-","0.000","0.000","0.000","0.000","0.000","0.000","23.413","39.582","0.000","0.000","0.000","0.000","0.000","0.000","","-","-","-","-","-","-","-","-","-","-","-","-","-","-","-","-","-","-","-","-","-","-","-","-","-","-","-","-","-","-","-","-","-","-","-","-","-","-","-","-","-","-","-","-","-","-","-","-","-","-","-","-","-","-","-","-","-","-","-","-","-","-","-","-","-","-","-","-","-","-","-","-","-","-","-","-","-","-","-","-","-","-","-","-","-","-","0.000","0.000","0.000","0.000","0.000","0.000","0.000","0.000","0.000","9.588","17.829","7.797","4.368","0.000","0.000","0.000","0.000","0.000","0.000","0.000","0.000","0.000","0.000","0.000","0.000","0.000","0.000","0.000","0.000","0.000","0.000","0.000","0.000","0.000"
"Net Income","-","-","-","-","-","-","-","-","-","-","-","-","-","-","-","-","-","1,029.227","1,608.874","2,914.175","2,012.546","3,047.067","3,689.920","4,030.798","4,344.776","4,540.403","3,106.808","2,849.509","3,564.190","4,475.175","4,600.791","","-","-","-","-","-","-","-","-","-","-","-","-","-","-","-","-","-","-","-","-","-","-","-","-","-","-","-","-","-","-","-","-","-","-","-","-","-","-","-","-","-","-","-","-","-","-","-","-","-","-","-","-","-","-","-","-","-","-","-","-","-","-","-","-","-","-","-","-","-","-","-","-","-","-","-","-","-","-","-","-","-","-","-","-","-","-","0.000","0.000","0.000","0.000","0.000","838.083","0.000","916.511","0.000","1,010.667","1,109.688","1,142.823","1,081.598","1,386.178","1,054.267","1,061.691","1,038.267","1,066.282","949.938","890.270","200.318","580.124","639.754","803.892","825.739","813.804","872.826","1,023.175","854.385","1,180.258","1,102.464","1,132.224","1,060.229","1,305.874"
"Preferred Dividends","-","-","-","-","-","-","-","-","-","-","-","-","-","-","-","-","-","0.000","0.000","0.000","0.000","0.000","0.000","0.000","0.000","0.000","0.000","0.000","0.000","0.000","0.000","","-","-","-","-","-","-","-","-","-","-","-","-","-","-","-","-","-","-","-","-","-","-","-","-","-","-","-","-","-","-","-","-","-","-","-","-","-","-","-","-","-","-","-","-","-","-","-","-","-","-","-","-","-","-","-","-","-","-","-","-","-","-","-","-","-","-","-","-","-","-","-","-","-","-","-","-","-","-","-","-","-","-","-","-","-","-","0.000","0.000","0.000","0.000","0.000","0.000","0.000","0.000","0.000","0.000","0.000","0.000","0.000","0.000","0.000","0.000","0.000","0.000","0.000","0.000","0.000","0.000","0.000","0.000","0.000","0.000","0.000","0.000","0.000","0.000","0.000","0.000","0.000","0.000"
"EPS (Basic)","-","-","-","-","-","-","-","-","-","-","-","-","-","-","-","-","-","0.153","0.244","0.420","0.289","0.398","0.490","0.542","0.585","0.600","0.375","0.336","0.410","0.496","0.506","","-","-","-","-","-","-","-","-","-","-","-","-","-","-","-","-","-","-","-","-","-","-","-","-","-","-","-","-","-","-","-","-","-","-","-","-","-","-","-","-","-","-","-","-","-","-","-","-","-","-","-","-","-","-","-","-","-","-","-","-","-","-","-","-","-","-","-","-","-","-","-","-","-","-","-","-","-","-","-","-","-","-","-","-","-","-","-0.686","0.487","0.839","0.578","0.392","0.119","0.000","0.123","0.542","0.136","0.149","0.154","0.146","0.187","0.140","0.139","0.135","0.132","0.114","0.106","0.023","0.069","0.075","0.095","0.097","0.095","0.101","0.117","0.097","0.133","0.123","0.125","0.116","0.142"
"EPS (Diluted)","-","-","-","-","-","-","-","-","-","-","-","-","-","-","-","-","-","0.151","0.241","0.419","0.289","0.398","0.490","0.542","0.585","0.600","0.375","0.336","0.410","0.496","0.506","","-","-","-","-","-","-","-","-","-","-","-","-","-","-","-","-","-","-","-","-","-","-","-","-","-","-","-","-","-","-","-","-","-","-","-","-","-","-","-","-","-","-","-","-","-","-","-","-","-","-","-","-","-","-","-","-","-","-","-","-","-","-","-","-","-","-","-","-","-","-","-","-","-","-","-","-","-","-","-","-","-","-","-","-","-","-","-0.687","0.481","0.838","0.578","0.392","0.118","0.000","0.123","0.542","0.136","0.149","0.154","0.146","0.187","0.140","0.139","0.135","0.132","0.114","0.106","0.023","0.069","0.075","0.095","0.097","0.095","0.101","0.117","0.097","0.133","0.123","0.125","0.116","0.142"
"Shares Outstanding (Diluted Average)","-","-","-","-","-","-","-","-","-","-","-","-","-","-","-","-","-","5,625.784","6,324.220","6,669.572","6,760.430","7,059.934","7,186.034","7,432.772","7,432.772","7,570.924","8,288.256","8,475.522","8,689.362","9,016.943","9,225.543","","-","-","-","-","-","-","-","-","-","-","-","-","-","-","-","-","-","-","-","-","-","-","-","-","-","-","-","-","-","-","-","-","-","-","-","-","-","-","-","-","-","-","-","-","-","-","-","-","-","-","-","-","-","-","-","-","-","-","-","-","-","-","-","-","-","-","-","-","-","-","-","-","-","-","-","-","-","-","-","-","-","-","-","-","-","-","5,625.784","6,324.220","6,669.572","6,760.430","7,059.934","7,063.530","7,186.034","7,432.772","7,432.772","7,432.772","7,432.772","7,432.772","7,432.772","7,432.771","7,539.398","7,615.847","7,729.342","8,107.119","8,309.429","8,336.518","8,423.746","8,423.746","8,469.467","8,489.787","8,527.267","8,527.267","8,673.474","8,728.856","8,868.379","8,868.379","8,995.574","9,052.106","9,225.543","9,225.543"
"Depreciation, Depletion and Amortization","-","-","-","-","-","-","-","-","-","-","-","-","-","-","-","-","-","173.587","239.361","292.981","338.868","491.829","677.386","589.294","620.417","632.467","656.949","705.388","687.182","708.685","700.553","","-","-","-","-","-","-","-","-","-","-","-","-","-","-","-","-","-","-","-","-","-","-","-","-","-","-","-","-","-","-","-","-","-","-","-","-","-","-","-","-","-","-","-","-","-","-","-","-","-","-","-","-","-","-","-","-","-","-","-","-","-","-","-","-","-","-","-","-","-","-","-","-","-","-","-","-","-","-","-","-","-","-","-","-","-","-","0.000","0.000","0.000","0.000","0.000","0.000","0.000","0.000","0.000","151.477","153.357","153.585","161.998","266.923","149.602","149.444","66.498","164.264","164.448","170.128","158.109","170.039","163.688","162.443","202.124","163.065","175.220","172.709","176.188","181.631","175.615","180.537","170.902","173.499"
"EBITDA","","","","","","","","","","","","","","","","","","0.000","0.000","0.000","0.000","0.000","0.000","0.000","0.000","0.000","0.000","0.000","0.000","0.000","","","","","","","","","","","","","","","","","","","","","","","","","","","","","","","","","","","","","","","","","","","","","","","","","","","","","","","","","","","","","","","","","","","","","","","","","","","","","","","","","","","","","","","","","","","","","","0.000","","0.000","","0.000","0.000","0.000","0.000","0.000","0.000","0.000","0.000","0.000","0.000","0.000","0.000","0.000","0.000","0.000","0.000","0.000","0.000","0.000","0.000","0.000","0.000","0.000","0.000","0.000"
"Cash and cash equivalents","-","-","-","-","-","-","-","-","-","-","-","-","-","-","-","-","-","15,093.037","27,028.406","40,059.636","31,208.332","31,501.499","39,995.222","43,460.085","41,015.150","43,829.549","44,542.970","38,848.133","37,502.042","54,353.668","58,276.967","","-","-","-","-","-","-","-","-","-","-","-","-","-","-","-","-","-","-","-","-","-","-","-","-","-","-","-","-","-","-","-","-","-","-","-","-","-","-","-","-","-","-","-","-","-","-","-","-","-","-","-","-","-","-","-","-","-","-","-","-","-","-","-","-","-","-","-","-","-","-","-","-","-","-","-","-","-","-","-","-","-","-","-","-","-","-","15,093.037","27,028.406","40,059.636","31,208.332","31,501.499","0.000","39,995.222","37,559.937","43,460.085","43,635.611","35,543.865","35,186.729","41,015.150","51,396.318","45,381.997","44,229.752","43,829.549","42,063.470","46,355.204","42,238.505","44,542.970","53,931.904","45,357.956","40,878.719","38,848.133","49,447.812","42,394.995","47,996.301","37,502.042","49,774.363","49,560.054","55,649.288","54,353.668","58,276.967"
"Money Market Investments","-","-","-","-","-","-","-","-","-","-","-","-","-","-","-","-","-","0.000","0.000","0.000","0.000","0.000","3,804.662","4,230.482","5,594.278","8,260.504","4,758.286","9,714.112","5,315.287","6,484.687","6,157.201","","-","-","-","-","-","-","-","-","-","-","-","-","-","-","-","-","-","-","-","-","-","-","-","-","-","-","-","-","-","-","-","-","-","-","-","-","-","-","-","-","-","-","-","-","-","-","-","-","-","-","-","-","-","-","-","-","-","-","-","-","-","-","-","-","-","-","-","-","-","-","-","-","-","-","-","-","-","-","-","-","-","-","-","-","-","-","0.000","0.000","0.000","0.000","0.000","0.000","3,804.662","2,634.107","4,230.482","4,443.338","4,217.082","5,406.381","5,594.278","11,082.288","9,528.899","11,699.977","8,260.504","4,623.324","4,465.871","3,600.617","4,758.286","5,615.587","6,868.985","6,360.544","9,714.112","9,329.613","7,076.264","9,327.804","5,315.287","7,328.147","6,728.053","5,580.157","6,484.687","6,157.201"
"Net Loan","-","-","-","-","-","-","-","-","-","-","-","-","-","-","-","-","-","69,095.880","90,334.759","95,904.058","117,382.074","142,191.673","135,530.012","183,838.777","174,357.617","189,756.593","215,796.016","251,946.427","275,825.917","273,805.984","317,984.638","","-","-","-","-","-","-","-","-","-","-","-","-","-","-","-","-","-","-","-","-","-","-","-","-","-","-","-","-","-","-","-","-","-","-","-","-","-","-","-","-","-","-","-","-","-","-","-","-","-","-","-","-","-","-","-","-","-","-","-","-","-","-","-","-","-","-","-","-","-","-","-","-","-","-","-","-","-","-","-","-","-","-","-","-","-","-","69,095.880","90,334.759","95,904.058","117,382.074","142,191.673","0.000","135,530.012","164,170.490","183,838.777","183,419.585","193,178.754","194,098.501","174,357.617","179,830.289","186,510.081","190,940.121","189,756.593","198,217.205","197,677.800","205,305.876","215,796.016","221,369.723","232,841.788","251,597.071","251,946.427","244,807.454","251,544.407","258,452.582","275,825.917","276,277.355","274,838.276","275,457.476","273,805.984","317,984.638"
"Securities & Investments","-","-","-","-","-","-","-","-","-","-","-","-","-","-","-","-","-","0.000","0.000","0.000","0.000","0.000","0.000","0.000","0.000","0.000","0.000","0.000","0.000","0.000","0.000","","-","-","-","-","-","-","-","-","-","-","-","-","-","-","-","-","-","-","-","-","-","-","-","-","-","-","-","-","-","-","-","-","-","-","-","-","-","-","-","-","-","-","-","-","-","-","-","-","-","-","-","-","-","-","-","-","-","-","-","-","-","-","-","-","-","-","-","-","-","-","-","-","-","-","-","-","-","-","-","-","-","-","-","-","-","-","0.000","0.000","0.000","0.000","0.000","0.000","0.000","0.000","0.000","0.000","0.000","0.000","0.000","0.000","0.000","0.000","0.000","0.000","0.000","0.000","0.000","0.000","0.000","0.000","0.000","0.000","0.000","0.000","0.000","0.000","0.000","0.000","0.000","0.000"
"  Accounts Receivable","-","-","-","-","-","-","-","-","-","-","-","-","-","-","-","-","-","0.000","0.000","0.000","0.000","0.000","0.000","0.000","0.000","0.000","0.000","0.000","0.000","0.000","0.000","","-","-","-","-","-","-","-","-","-","-","-","-","-","-","-","-","-","-","-","-","-","-","-","-","-","-","-","-","-","-","-","-","-","-","-","-","-","-","-","-","-","-","-","-","-","-","-","-","-","-","-","-","-","-","-","-","-","-","-","-","-","-","-","-","-","-","-","-","-","-","-","-","-","-","-","-","-","-","-","-","-","-","-","-","-","-","0.000","0.000","0.000","0.000","0.000","0.000","0.000","0.000","0.000","0.000","0.000","0.000","0.000","0.000","0.000","0.000","0.000","0.000","0.000","0.000","0.000","0.000","0.000","0.000","0.000","0.000","0.000","0.000","0.000","0.000","0.000","0.000","0.000","0.000"
"  Notes Receivable","-","-","-","-","-","-","-","-","-","-","-","-","-","-","-","-","-","0.000","0.000","0.000","0.000","0.000","0.000","0.000","0.000","0.000","0.000","0.000","0.000","0.000","0.000","","-","-","-","-","-","-","-","-","-","-","-","-","-","-","-","-","-","-","-","-","-","-","-","-","-","-","-","-","-","-","-","-","-","-","-","-","-","-","-","-","-","-","-","-","-","-","-","-","-","-","-","-","-","-","-","-","-","-","-","-","-","-","-","-","-","-","-","-","-","-","-","-","-","-","-","-","-","-","-","-","-","-","-","-","-","-","0.000","0.000","0.000","0.000","0.000","0.000","0.000","0.000","0.000","0.000","0.000","0.000","0.000","0.000","0.000","0.000","0.000","0.000","0.000","0.000","0.000","0.000","0.000","0.000","0.000","0.000","0.000","0.000","0.000","0.000","0.000","0.000","0.000","0.000"
"  Other Current Receivables","-","-","-","-","-","-","-","-","-","-","-","-","-","-","-","-","-","0.000","0.000","0.000","0.000","0.000","13,843.302","5,440.769","15,677.941","22,189.960","27,534.621","24,490.099","26,193.144","27,506.068","7,425.877","","-","-","-","-","-","-","-","-","-","-","-","-","-","-","-","-","-","-","-","-","-","-","-","-","-","-","-","-","-","-","-","-","-","-","-","-","-","-","-","-","-","-","-","-","-","-","-","-","-","-","-","-","-","-","-","-","-","-","-","-","-","-","-","-","-","-","-","-","-","-","-","-","-","-","-","-","-","-","-","-","-","-","-","-","-","-","0.000","0.000","0.000","0.000","0.000","0.000","13,843.302","0.000","5,440.769","0.000","0.000","0.000","15,677.941","19,956.025","20,448.038","20,497.231","22,189.960","26,085.921","26,639.767","27,326.892","27,534.621","29,885.632","28,579.455","27,098.518","24,490.099","27,083.144","27,750.699","29,337.239","26,193.144","28,011.781","26,695.418","30,511.765","27,506.068","7,425.877"
"Total Receivables","-","-","-","-","-","-","-","-","-","-","-","-","-","-","-","-","-","0.000","0.000","0.000","0.000","0.000","13,843.302","5,440.769","15,677.941","22,189.960","27,534.621","24,490.099","26,193.144","27,506.068","7,425.877","","-","-","-","-","-","-","-","-","-","-","-","-","-","-","-","-","-","-","-","-","-","-","-","-","-","-","-","-","-","-","-","-","-","-","-","-","-","-","-","-","-","-","-","-","-","-","-","-","-","-","-","-","-","-","-","-","-","-","-","-","-","-","-","-","-","-","-","-","-","-","-","-","-","-","-","-","-","-","-","-","-","-","-","-","-","-","0.000","0.000","0.000","0.000","0.000","0.000","13,843.302","0.000","5,440.769","0.000","0.000","0.000","15,677.941","19,956.025","20,448.038","20,497.231","22,189.960","26,085.921","26,639.767","27,326.892","27,534.621","29,885.632","28,579.455","27,098.518","24,490.099","27,083.144","27,750.699","29,337.239","26,193.144","28,011.781","26,695.418","30,511.765","27,506.068","7,425.877"
"Deferred Policy Acquisition Costs","-","-","-","-","-","-","-","-","-","-","-","-","-","-","-","-","-","0.000","0.000","0.000","0.000","0.000","0.000","0.000","0.000","0.000","0.000","0.000","0.000","0.000","0.000","","-","-","-","-","-","-","-","-","-","-","-","-","-","-","-","-","-","-","-","-","-","-","-","-","-","-","-","-","-","-","-","-","-","-","-","-","-","-","-","-","-","-","-","-","-","-","-","-","-","-","-","-","-","-","-","-","-","-","-","-","-","-","-","-","-","-","-","-","-","-","-","-","-","-","-","-","-","-","-","-","-","-","-","-","-","-","0.000","0.000","0.000","0.000","0.000","0.000","0.000","0.000","0.000","0.000","0.000","0.000","0.000","0.000","0.000","0.000","0.000","0.000","0.000","0.000","0.000","0.000","0.000","0.000","0.000","0.000","0.000","0.000","0.000","0.000","0.000","0.000","0.000","0.000"
"Property, Plant and Equipment","-","-","-","-","-","-","-","-","-","-","-","-","-","-","-","-","-","760.028","1,020.762","1,298.580","1,559.550","1,531.816","1,628.490","1,628.964","1,693.954","1,694.684","1,603.053","2,528.418","2,254.408","2,093.559","2,076.462","","-","-","-","-","-","-","-","-","-","-","-","-","-","-","-","-","-","-","-","-","-","-","-","-","-","-","-","-","-","-","-","-","-","-","-","-","-","-","-","-","-","-","-","-","-","-","-","-","-","-","-","-","-","-","-","-","-","-","-","-","-","-","-","-","-","-","-","-","-","-","-","-","-","-","-","-","-","-","-","-","-","-","-","-","-","-","760.028","1,020.762","1,298.580","1,559.550","1,531.816","0.000","1,628.490","1,343.653","1,628.964","1,481.501","1,471.653","1,472.449","1,693.954","1,689.434","1,703.525","1,667.837","1,694.684","1,589.197","1,545.962","1,503.917","1,603.053","1,612.972","2,306.832","2,280.005","2,528.418","2,211.913","2,128.003","2,203.318","2,254.408","2,239.518","2,190.267","2,152.941","2,093.559","2,076.462"
"Intangible Assets","-","-","-","-","-","-","-","-","-","-","-","-","-","-","-","-","-","651.586","5,030.974","4,977.779","7,796.394","9,362.437","9,702.764","9,854.368","9,858.106","9,637.688","9,761.579","10,118.079","10,508.940","10,046.114","9,526.222","","-","-","-","-","-","-","-","-","-","-","-","-","-","-","-","-","-","-","-","-","-","-","-","-","-","-","-","-","-","-","-","-","-","-","-","-","-","-","-","-","-","-","-","-","-","-","-","-","-","-","-","-","-","-","-","-","-","-","-","-","-","-","-","-","-","-","-","-","-","-","-","-","-","-","-","-","-","-","-","-","-","-","-","-","-","-","651.586","5,030.974","4,977.779","7,796.394","9,362.437","0.000","9,702.764","9,667.592","9,854.368","9,702.147","9,802.055","9,689.703","9,858.106","9,875.665","9,842.836","9,614.427","9,637.688","9,889.501","9,771.127","9,748.569","9,761.579","9,848.997","9,831.008","10,112.794","10,118.079","10,169.742","10,254.919","10,385.451","10,508.940","10,438.256","10,304.938","10,200.076","10,046.114","9,526.222"
"  Goodwill","-","-","-","-","-","-","-","-","-","-","-","-","-","-","-","-","-","534.620","4,503.690","4,474.120","6,204.720","7,694.650","8,151.430","8,242.490","8,180.590","7,877.460","7,911.160","8,297.490","8,472.340","8,225.750","7,803.050","","-","-","-","-","-","-","-","-","-","-","-","-","-","-","-","-","-","-","-","-","-","-","-","-","-","-","-","-","-","-","-","-","-","-","-","-","-","-","-","-","-","-","-","-","-","-","-","-","-","-","-","-","-","-","-","-","-","-","-","-","-","-","-","-","-","-","-","-","-","-","-","-","-","-","-","-","-","-","-","-","-","-","-","-","-","-","534.620","4,503.690","4,474.120","6,204.720","7,694.650","0.000","8,151.430","0.000","8,242.490","8,139.540","8,177.530","8,047.900","8,180.590","8,277.170","8,240.510","8,015.150","7,877.460","8,016.650","7,880.400","7,884.520","7,911.160","8,020.670","8,017.090","8,271.880","8,297.490","8,085.280","8,202.960","8,349.410","8,472.340","8,483.040","8,409.260","8,354.300","8,225.750","7,803.050"
"Other Assets for Banks","-","-","-","-","-","-","-","-","-","-","-","-","-","-","-","-","-","27,925.433","33,537.308","40,561.186","49,144.409","55,396.574","64,726.552","50,967.499","88,264.114","95,543.819","110,159.831","123,931.875","128,167.149","132,209.452","109,772.197","","-","-","-","-","-","-","-","-","-","-","-","-","-","-","-","-","-","-","-","-","-","-","-","-","-","-","-","-","-","-","-","-","-","-","-","-","-","-","-","-","-","-","-","-","-","-","-","-","-","-","-","-","-","-","-","-","-","-","-","-","-","-","-","-","-","-","-","-","-","-","-","-","-","-","-","-","-","-","-","-","-","-","-","-","-","-","27,925.433","33,537.308","40,561.186","49,144.409","55,396.574","0.000","64,726.552","56,935.498","50,967.499","67,439.600","71,473.959","75,934.509","88,264.114","91,228.970","90,819.266","91,786.317","95,543.819","97,571.600","100,079.359","101,854.375","110,159.831","116,019.280","117,397.653","134,845.486","123,931.875","122,146.606","126,809.055","127,908.472","128,167.149","132,143.740","130,609.987","128,649.832","132,209.452","109,772.197"
"Total Assets","-","-","-","-","-","-","-","-","-","-","-","-","-","-","-","-","-","113,525.964","156,952.209","182,801.239","207,090.759","239,983.999","269,231.004","299,420.944","336,461.160","370,912.797","414,156.356","461,577.143","485,766.887","506,499.532","511,219.564","","-","-","-","-","-","-","-","-","-","-","-","-","-","-","-","-","-","-","-","-","-","-","-","-","-","-","-","-","-","-","-","-","-","-","-","-","-","-","-","-","-","-","-","-","-","-","-","-","-","-","-","-","-","-","-","-","-","-","-","-","-","-","-","-","-","-","-","-","-","-","-","-","-","-","-","-","-","-","-","-","-","-","-","-","-","-","113,525.964","156,952.209","182,801.239","207,090.759","239,983.999","0.000","269,231.004","272,311.277","299,420.944","310,121.782","315,687.368","321,788.272","336,461.160","365,058.989","364,234.642","370,435.662","370,912.797","380,040.218","386,535.090","391,578.751","414,156.356","438,284.095","443,183.677","473,173.137","461,577.143","465,196.284","467,958.342","485,611.167","485,766.887","506,213.160","500,926.993","508,201.535","506,499.532","511,219.564"
"Total Deposits","-","-","-","-","-","-","-","-","-","-","-","-","-","-","-","-","-","81,967.005","111,241.419","139,751.258","160,543.494","189,579.015","211,339.421","232,355.784","260,829.202","282,936.151","313,727.236","341,182.700","365,184.314","375,453.185","382,907.438","","-","-","-","-","-","-","-","-","-","-","-","-","-","-","-","-","-","-","-","-","-","-","-","-","-","-","-","-","-","-","-","-","-","-","-","-","-","-","-","-","-","-","-","-","-","-","-","-","-","-","-","-","-","-","-","-","-","-","-","-","-","-","-","-","-","-","-","-","-","-","-","-","-","-","-","-","-","-","-","-","-","-","-","-","-","-","81,967.005","111,241.419","139,751.258","160,543.494","189,579.015","0.000","211,339.421","217,077.904","232,355.784","245,975.741","248,203.488","253,890.134","260,829.202","282,412.401","276,930.987","283,830.074","282,936.151","284,377.032","288,630.192","294,401.509","313,727.236","328,696.668","331,925.873","345,090.965","341,182.700","342,019.698","344,086.083","361,875.878","365,184.314","380,463.679","371,618.233","378,209.499","375,453.185","382,907.438"
"Accounts Payable & Accrued Expense","-","-","-","-","-","-","-","-","-","-","-","-","-","-","-","-","-","5,775.395","8,371.186","6,890.627","4,539.304","5,258.971","4,308.907","4,296.603","4,934.368","5,818.991","7,600.945","7,334.195","8,221.456","8,142.036","5,446.895","","-","-","-","-","-","-","-","-","-","-","-","-","-","-","-","-","-","-","-","-","-","-","-","-","-","-","-","-","-","-","-","-","-","-","-","-","-","-","-","-","-","-","-","-","-","-","-","-","-","-","-","-","-","-","-","-","-","-","-","-","-","-","-","-","-","-","-","-","-","-","-","-","-","-","-","-","-","-","-","-","-","-","-","-","-","-","5,775.395","8,371.186","6,890.627","4,539.304","5,258.971","0.000","4,308.907","5,226.574","4,296.603","6,292.204","6,834.134","5,571.904","4,934.368","7,811.646","7,409.258","6,626.043","5,818.991","7,903.563","8,744.253","7,685.319","7,600.945","10,685.388","10,024.886","9,781.257","7,334.195","11,040.390","9,858.950","11,067.818","8,221.456","8,667.969","8,448.662","9,030.257","8,142.036","5,446.895"
"Current Portion of Long-Term Debt","-","-","-","-","-","-","-","-","-","-","-","-","-","-","-","-","-","0.000","0.000","0.000","0.000","0.000","0.000","0.000","0.000","0.000","0.000","0.000","0.000","0.000","0.000","","-","-","-","-","-","-","-","-","-","-","-","-","-","-","-","-","-","-","-","-","-","-","-","-","-","-","-","-","-","-","-","-","-","-","-","-","-","-","-","-","-","-","-","-","-","-","-","-","-","-","-","-","-","-","-","-","-","-","-","-","-","-","-","-","-","-","-","-","-","-","-","-","-","-","-","-","-","-","-","-","-","-","-","-","-","-","0.000","0.000","0.000","0.000","0.000","0.000","0.000","0.000","0.000","0.000","0.000","0.000","0.000","0.000","0.000","0.000","0.000","0.000","0.000","0.000","0.000","0.000","0.000","0.000","0.000","0.000","0.000","0.000","0.000","0.000","0.000","0.000","0.000","0.000"
"Long-Term Debt & Capital Lease Obligation","-","-","-","-","-","-","-","-","-","-","-","-","-","-","-","-","-","4,413.380","11,666.361","8,292.720","10,421.064","9,987.985","18,697.188","26,943.011","28,864.960","32,969.183","32,537.483","36,338.150","34,312.688","40,663.067","38,627.685","","-","-","-","-","-","-","-","-","-","-","-","-","-","-","-","-","-","-","-","-","-","-","-","-","-","-","-","-","-","-","-","-","-","-","-","-","-","-","-","-","-","-","-","-","-","-","-","-","-","-","-","-","-","-","-","-","-","-","-","-","-","-","-","-","-","-","-","-","-","-","-","-","-","-","-","-","-","-","-","-","-","-","-","-","-","-","4,413.380","11,666.361","8,292.720","10,421.064","9,987.985","0.000","18,697.188","14,223.980","26,943.011","5,832.847","6,332.677","7,334.929","28,864.960","27,908.454","28,843.716","29,259.299","32,969.183","32,811.824","31,361.818","33,230.211","32,537.483","35,445.463","37,523.232","40,653.421","36,338.150","38,830.754","35,164.744","35,211.909","34,312.688","39,591.925","43,479.425","41,704.794","40,663.067","38,627.685"
"Other Liabilities for Banks","-","-","-","-","-","-","-","-","-","-","-","-","-","-","-","-","-","10,263.706","13,083.923","11,012.024","12,774.304","12,511.314","10,470.402","8,879.725","12,566.311","17,959.912","21,899.569","34,489.470","30,969.271","32,434.809","35,797.963","","-","-","-","-","-","-","-","-","-","-","-","-","-","-","-","-","-","-","-","-","-","-","-","-","-","-","-","-","-","-","-","-","-","-","-","-","-","-","-","-","-","-","-","-","-","-","-","-","-","-","-","-","-","-","-","-","-","-","-","-","-","-","-","-","-","-","-","-","-","-","-","-","-","-","-","-","-","-","-","-","-","-","-","-","-","-","10,263.706","13,083.923","11,012.024","12,774.304","12,511.314","0.000","10,470.402","11,342.967","8,879.725","25,169.381","26,291.996","26,646.014","12,566.311","15,939.238","19,761.745","19,749.810","17,959.912","18,428.713","21,173.364","18,567.921","21,899.569","23,965.661","23,957.058","36,832.630","34,489.470","31,183.942","35,292.207","31,900.617","30,969.271","28,926.945","28,391.909","29,386.059","32,434.809","35,797.963"
"Total Liabilities","-","-","-","-","-","-","-","-","-","-","-","-","-","-","-","-","-","102,419.486","144,362.889","165,946.629","188,278.166","217,337.285","244,815.918","272,475.123","307,194.841","339,684.237","375,765.233","419,344.515","438,687.729","456,693.097","462,779.981","","-","-","-","-","-","-","-","-","-","-","-","-","-","-","-","-","-","-","-","-","-","-","-","-","-","-","-","-","-","-","-","-","-","-","-","-","-","-","-","-","-","-","-","-","-","-","-","-","-","-","-","-","-","-","-","-","-","-","-","-","-","-","-","-","-","-","-","-","-","-","-","-","-","-","-","-","-","-","-","-","-","-","-","-","-","-","102,419.486","144,362.889","165,946.629","188,278.166","217,337.285","0.000","244,815.918","247,871.425","272,475.123","283,270.173","287,662.295","293,442.981","307,194.841","334,071.739","332,945.706","339,465.226","339,684.237","343,521.132","349,909.627","353,884.960","375,765.233","398,793.180","403,431.049","432,358.273","419,344.515","423,074.784","424,401.984","440,056.222","438,687.729","457,650.518","451,938.229","458,330.609","456,693.097","462,779.981"
"Common Stock","-","-","-","-","-","-","-","-","-","-","-","-","-","-","-","-","-","2,756.398","3,184.429","3,374.181","3,578.078","3,531.766","7,432.775","7,432.775","7,432.775","7,729.346","8,423.751","8,527.272","8,868.384","22,183.226","22,183.226","","-","-","-","-","-","-","-","-","-","-","-","-","-","-","-","-","-","-","-","-","-","-","-","-","-","-","-","-","-","-","-","-","-","-","-","-","-","-","-","-","-","-","-","-","-","-","-","-","-","-","-","-","-","-","-","-","-","-","-","-","-","-","-","-","-","-","-","-","-","-","-","-","-","-","-","-","-","-","-","-","-","-","-","-","-","-","2,756.398","3,184.429","3,374.181","3,578.078","3,531.766","0.000","7,432.775","7,432.775","7,432.775","7,432.775","7,432.775","7,432.775","7,432.775","7,432.775","7,615.851","7,615.851","7,729.346","8,229.346","8,336.522","8,336.522","8,423.751","8,423.751","8,489.791","8,489.791","8,527.272","8,527.272","8,728.860","8,728.860","8,868.384","20,344.585","21,215.448","21,215.448","22,183.226","22,183.226"
"Preferred Stock","-","-","-","-","-","-","-","-","-","-","-","-","-","-","-","-","-","200.000","200.000","200.000","200.000","200.000","200.000","200.000","200.000","200.000","200.000","200.000","200.000","200.000","200.000","","-","-","-","-","-","-","-","-","-","-","-","-","-","-","-","-","-","-","-","-","-","-","-","-","-","-","-","-","-","-","-","-","-","-","-","-","-","-","-","-","-","-","-","-","-","-","-","-","-","-","-","-","-","-","-","-","-","-","-","-","-","-","-","-","-","-","-","-","-","-","-","-","-","-","-","-","-","-","-","-","-","-","-","-","-","-","200.000","200.000","200.000","200.000","200.000","0.000","200.000","200.000","200.000","200.000","200.000","200.000","200.000","200.000","200.000","200.000","200.000","200.000","200.000","200.000","200.000","200.000","200.000","200.000","200.000","200.000","200.000","200.000","200.000","200.000","200.000","200.000","200.000","200.000"
"Retained Earnings","-","-","-","-","-","-","-","-","-","-","-","-","-","-","-","-","-","0.000","0.000","0.000","0.000","0.000","0.000","0.000","0.000","0.000","0.000","0.000","0.000","0.000","0.000","","-","-","-","-","-","-","-","-","-","-","-","-","-","-","-","-","-","-","-","-","-","-","-","-","-","-","-","-","-","-","-","-","-","-","-","-","-","-","-","-","-","-","-","-","-","-","-","-","-","-","-","-","-","-","-","-","-","-","-","-","-","-","-","-","-","-","-","-","-","-","-","-","-","-","-","-","-","-","-","-","-","-","-","-","-","-","0.000","0.000","0.000","0.000","0.000","0.000","0.000","0.000","0.000","0.000","0.000","0.000","0.000","0.000","0.000","0.000","0.000","0.000","0.000","0.000","0.000","0.000","0.000","0.000","0.000","0.000","0.000","0.000","0.000","0.000","0.000","0.000","0.000","0.000"
"Accumulated other comprehensive income (loss)","-","-","-","-","-","-","-","-","-","-","-","-","-","-","-","-","-","0.000","0.000","0.000","0.000","0.000","0.000","0.000","0.000","0.000","0.000","0.000","0.000","0.000","0.000","","-","-","-","-","-","-","-","-","-","-","-","-","-","-","-","-","-","-","-","-","-","-","-","-","-","-","-","-","-","-","-","-","-","-","-","-","-","-","-","-","-","-","-","-","-","-","-","-","-","-","-","-","-","-","-","-","-","-","-","-","-","-","-","-","-","-","-","-","-","-","-","-","-","-","-","-","-","-","-","-","-","-","-","-","-","-","0.000","0.000","0.000","0.000","0.000","0.000","0.000","0.000","0.000","0.000","0.000","0.000","0.000","0.000","0.000","0.000","0.000","0.000","0.000","0.000","0.000","0.000","0.000","0.000","0.000","0.000","0.000","0.000","0.000","0.000","0.000","0.000","0.000","0.000"
"Additional Paid-In Capital","-","-","-","-","-","-","-","-","-","-","-","-","-","-","-","-","-","0.000","0.000","0.000","0.000","0.000","0.000","0.000","0.000","0.000","0.000","0.000","0.000","0.000","0.000","","-","-","-","-","-","-","-","-","-","-","-","-","-","-","-","-","-","-","-","-","-","-","-","-","-","-","-","-","-","-","-","-","-","-","-","-","-","-","-","-","-","-","-","-","-","-","-","-","-","-","-","-","-","-","-","-","-","-","-","-","-","-","-","-","-","-","-","-","-","-","-","-","-","-","-","-","-","-","-","-","-","-","-","-","-","-","0.000","0.000","0.000","0.000","0.000","0.000","0.000","0.000","0.000","0.000","0.000","0.000","0.000","0.000","0.000","0.000","0.000","0.000","0.000","0.000","0.000","0.000","0.000","0.000","0.000","0.000","0.000","0.000","0.000","0.000","0.000","0.000","0.000","0.000"
"Treasury Stock","-","-","-","-","-","-","-","-","-","-","-","-","-","-","-","-","-","0.000","-261.574","-141.600","-535.892","-0.563","-0.021","-0.030","-0.032","-0.041","-0.042","-0.043","-0.043","-0.043","-0.043","","-","-","-","-","-","-","-","-","-","-","-","-","-","-","-","-","-","-","-","-","-","-","-","-","-","-","-","-","-","-","-","-","-","-","-","-","-","-","-","-","-","-","-","-","-","-","-","-","-","-","-","-","-","-","-","-","-","-","-","-","-","-","-","-","-","-","-","-","-","-","-","-","-","-","-","-","-","-","-","-","-","-","-","-","-","-","0.000","-261.574","-141.600","-535.892","-0.563","0.000","-0.021","-0.025","-0.030","-0.030","-0.030","-0.031","-0.032","-0.032","-0.033","-0.033","-0.041","-0.041","-0.041","-0.041","-0.042","-0.042","-0.043","-0.043","-0.043","-0.043","-0.043","-0.043","-0.043","-0.043","-0.043","-0.043","-0.043","-0.043"
"Total Stockholders Equity","-","-","-","-","-","-","-","-","-","-","-","-","-","-","-","-","-","9,837.453","11,984.530","15,910.051","17,299.203","20,545.014","23,544.114","26,222.846","28,492.994","30,471.098","37,560.436","41,250.778","45,508.175","48,445.479","47,151.512","","-","-","-","-","-","-","-","-","-","-","-","-","-","-","-","-","-","-","-","-","-","-","-","-","-","-","-","-","-","-","-","-","-","-","-","-","-","-","-","-","-","-","-","-","-","-","-","-","-","-","-","-","-","-","-","-","-","-","-","-","-","-","-","-","-","-","-","-","-","-","-","-","-","-","-","-","-","-","-","-","-","-","-","-","-","-","9,837.453","11,984.530","15,910.051","17,299.203","20,545.014","0.000","23,544.114","23,743.492","26,222.846","26,107.914","27,276.107","27,553.830","28,492.994","30,195.068","30,495.513","30,182.998","30,471.098","35,754.211","35,861.240","36,915.277","37,560.436","38,635.292","38,892.187","39,902.717","41,250.778","41,146.325","42,562.931","44,026.121","45,508.175","46,954.413","47,345.153","48,245.512","48,445.479","47,151.512"
"Minority Interest","-","-","-","-","-","-","-","-","-","-","-","-","-","-","-","-","-","1,269.025","604.790","944.559","1,513.390","2,101.700","870.972","722.975","773.325","757.462","830.687","981.850","1,570.983","1,360.956","1,288.071","","-","-","-","-","-","-","-","-","-","-","-","-","-","-","-","-","-","-","-","-","-","-","-","-","-","-","-","-","-","-","-","-","-","-","-","-","-","-","-","-","-","-","-","-","-","-","-","-","-","-","-","-","-","-","-","-","-","-","-","-","-","-","-","-","-","-","-","-","-","-","-","-","-","-","-","-","-","-","-","-","-","-","-","-","-","-","1,269.025","604.790","944.559","1,513.390","2,101.700","0.000","870.972","696.360","722.975","743.695","748.966","791.461","773.325","792.182","793.423","787.438","757.462","764.875","764.223","778.514","830.687","855.623","860.441","912.147","981.850","975.175","993.427","1,528.824","1,570.983","1,608.229","1,643.611","1,625.414","1,360.956","1,288.071"
"Total Equity","-","-","-","-","-","-","-","-","-","-","-","-","-","-","-","-","-","11,106.478","12,589.320","16,854.610","18,812.593","22,646.714","24,415.086","26,945.821","29,266.319","31,228.560","38,391.123","42,232.628","47,079.158","49,806.435","48,439.583","","-","-","-","-","-","-","-","-","-","-","-","-","-","-","-","-","-","-","-","-","-","-","-","-","-","-","-","-","-","-","-","-","-","-","-","-","-","-","-","-","-","-","-","-","-","-","-","-","-","-","-","-","-","-","-","-","-","-","-","-","-","-","-","-","-","-","-","-","-","-","-","-","-","-","-","-","-","-","-","-","-","-","-","-","-","-","11,106.478","12,589.320","16,854.610","18,812.593","22,646.714","0.000","24,415.086","24,439.852","26,945.821","26,851.609","28,025.073","28,345.291","29,266.319","30,987.250","31,288.936","30,970.436","31,228.560","36,519.086","36,625.463","37,693.791","38,391.123","39,490.915","39,752.628","40,814.864","42,232.628","42,121.500","43,556.358","45,554.945","47,079.158","48,562.642","48,988.764","49,870.926","49,806.435","48,439.583"
"  Net Income","-","-","-","-","-","-","-","-","-","-","-","-","-","-","-","-","-","1,029.227","1,608.874","2,914.175","2,012.546","3,047.067","3,689.920","4,030.798","4,344.776","4,540.403","3,106.808","2,849.509","3,564.190","4,475.175","4,600.791","","-","-","-","-","-","-","-","-","-","-","-","-","-","-","-","-","-","-","-","-","-","-","-","-","-","-","-","-","-","-","-","-","-","-","-","-","-","-","-","-","-","-","-","-","-","-","-","-","-","-","-","-","-","-","-","-","-","-","-","-","-","-","-","-","-","-","-","-","-","-","-","-","-","-","-","-","-","-","-","-","-","-","-","-","-","-","0.000","0.000","0.000","0.000","0.000","838.083","0.000","916.511","0.000","1,010.667","1,109.688","1,142.823","1,081.598","1,386.178","1,054.267","1,061.691","1,038.267","1,066.282","949.938","890.270","200.318","580.124","639.754","803.892","825.739","813.804","872.826","1,023.175","854.385","1,180.258","1,102.464","1,132.224","1,060.229","1,305.874"
"  Net Foreign Currency Exchange Gain","-","-","-","-","-","-","-","-","-","-","-","-","-","-","-","-","-","-23.882","-247.805","0.000","0.000","0.000","0.000","-312.741","-157.332","-281.009","167.486","573.607","954.214","-1,310.207","0.000","","-","-","-","-","-","-","-","-","-","-","-","-","-","-","-","-","-","-","-","-","-","-","-","-","-","-","-","-","-","-","-","-","-","-","-","-","-","-","-","-","-","-","-","-","-","-","-","-","-","-","-","-","-","-","-","-","-","-","-","-","-","-","-","-","-","-","-","-","-","-","-","-","-","-","-","-","-","-","-","-","-","-","-","-","-","-","0.000","0.000","0.000","0.000","0.000","0.000","0.000","0.000","0.000","0.000","0.000","0.000","0.000","0.000","0.000","0.000","0.000","0.000","0.000","0.000","0.000","0.000","0.000","0.000","0.000","0.000","0.000","0.000","0.000","0.000","0.000","0.000","0.000","0.000"
"Net Income From Continuing Operations","-","-","-","-","-","-","-","-","-","-","-","-","-","-","-","-","-","1,309.967","2,002.042","3,685.803","2,715.659","3,811.877","4,646.750","5,203.142","5,677.893","5,849.229","4,276.423","3,913.993","4,884.144","6,109.985","6,239.280","","-","-","-","-","-","-","-","-","-","-","-","-","-","-","-","-","-","-","-","-","-","-","-","-","-","-","-","-","-","-","-","-","-","-","-","-","-","-","-","-","-","-","-","-","-","-","-","-","-","-","-","-","-","-","-","-","-","-","-","-","-","-","-","-","-","-","-","-","-","-","-","-","-","-","-","-","-","-","-","-","-","-","-","-","-","-","0.000","0.000","0.000","0.000","0.000","1,128.749","0.000","1,232.571","0.000","1,341.222","1,469.527","1,495.768","1,371.376","1,718.494","1,386.423","1,386.257","1,358.055","1,431.069","1,281.153","1,179.263","384.938","823.580","883.744","1,074.508","1,132.161","1,123.129","1,188.611","1,360.750","1,211.654","1,613.598","1,433.657","1,527.351","1,535.379","1,742.893"
"Depreciation, Depletion and Amortization","-","-","-","-","-","-","-","-","-","-","-","-","-","-","-","-","-","173.587","239.361","292.981","338.868","491.829","677.386","589.294","620.417","632.467","656.949","705.388","687.182","708.685","700.553","","-","-","-","-","-","-","-","-","-","-","-","-","-","-","-","-","-","-","-","-","-","-","-","-","-","-","-","-","-","-","-","-","-","-","-","-","-","-","-","-","-","-","-","-","-","-","-","-","-","-","-","-","-","-","-","-","-","-","-","-","-","-","-","-","-","-","-","-","-","-","-","-","-","-","-","-","-","-","-","-","-","-","-","-","-","-","0.000","0.000","0.000","0.000","0.000","0.000","0.000","0.000","0.000","151.477","153.357","153.585","161.998","266.923","149.602","149.444","66.498","164.264","164.448","170.128","158.109","170.039","163.688","162.443","202.124","163.065","175.220","172.709","176.188","181.631","175.615","180.537","170.902","173.499"
"  Change In Receivables","-","-","-","-","-","-","-","-","-","-","-","-","-","-","-","-","-","0.000","0.000","0.000","0.000","0.000","0.000","0.000","0.000","0.000","0.000","0.000","0.000","0.000","0.000","","-","-","-","-","-","-","-","-","-","-","-","-","-","-","-","-","-","-","-","-","-","-","-","-","-","-","-","-","-","-","-","-","-","-","-","-","-","-","-","-","-","-","-","-","-","-","-","-","-","-","-","-","-","-","-","-","-","-","-","-","-","-","-","-","-","-","-","-","-","-","-","-","-","-","-","-","-","-","-","-","-","-","-","-","-","-","0.000","0.000","0.000","0.000","0.000","0.000","0.000","0.000","0.000","0.000","0.000","0.000","0.000","0.000","0.000","0.000","0.000","0.000","0.000","0.000","0.000","0.000","0.000","0.000","0.000","0.000","0.000","0.000","0.000","0.000","0.000","0.000","0.000","0.000"
"  Change In Inventory","-","-","-","-","-","-","-","-","-","-","-","-","-","-","-","-","-","0.000","0.000","0.000","0.000","0.000","0.000","0.000","0.000","0.000","0.000","0.000","0.000","0.000","0.000","","-","-","-","-","-","-","-","-","-","-","-","-","-","-","-","-","-","-","-","-","-","-","-","-","-","-","-","-","-","-","-","-","-","-","-","-","-","-","-","-","-","-","-","-","-","-","-","-","-","-","-","-","-","-","-","-","-","-","-","-","-","-","-","-","-","-","-","-","-","-","-","-","-","-","-","-","-","-","-","-","-","-","-","-","-","-","0.000","0.000","0.000","0.000","0.000","0.000","0.000","0.000","0.000","0.000","0.000","0.000","0.000","0.000","0.000","0.000","0.000","0.000","0.000","0.000","0.000","0.000","0.000","0.000","0.000","0.000","0.000","0.000","0.000","0.000","0.000","0.000","0.000","0.000"
"  Change In Prepaid Assets","-","-","-","-","-","-","-","-","-","-","-","-","-","-","-","-","-","0.000","0.000","0.000","0.000","0.000","0.000","0.000","0.000","0.000","0.000","0.000","0.000","0.000","0.000","","-","-","-","-","-","-","-","-","-","-","-","-","-","-","-","-","-","-","-","-","-","-","-","-","-","-","-","-","-","-","-","-","-","-","-","-","-","-","-","-","-","-","-","-","-","-","-","-","-","-","-","-","-","-","-","-","-","-","-","-","-","-","-","-","-","-","-","-","-","-","-","-","-","-","-","-","-","-","-","-","-","-","-","-","-","-","0.000","0.000","0.000","0.000","0.000","0.000","0.000","0.000","0.000","0.000","0.000","0.000","0.000","0.000","0.000","0.000","0.000","0.000","0.000","0.000","0.000","0.000","0.000","0.000","0.000","0.000","0.000","0.000","0.000","0.000","0.000","0.000","0.000","0.000"
"  Change In Payables And Accrued Expense","-","-","-","-","-","-","-","-","-","-","-","-","-","-","-","-","-","0.000","0.000","0.000","0.000","0.000","0.000","0.000","0.000","0.000","0.000","0.000","0.000","0.000","0.000","","-","-","-","-","-","-","-","-","-","-","-","-","-","-","-","-","-","-","-","-","-","-","-","-","-","-","-","-","-","-","-","-","-","-","-","-","-","-","-","-","-","-","-","-","-","-","-","-","-","-","-","-","-","-","-","-","-","-","-","-","-","-","-","-","-","-","-","-","-","-","-","-","-","-","-","-","-","-","-","-","-","-","-","-","-","-","0.000","0.000","0.000","0.000","0.000","0.000","0.000","0.000","0.000","0.000","0.000","0.000","0.000","0.000","0.000","0.000","0.000","0.000","0.000","0.000","0.000","0.000","0.000","0.000","0.000","0.000","0.000","0.000","0.000","0.000","0.000","0.000","0.000","0.000"
"Change In Working Capital","-","-","-","-","-","-","-","-","-","-","-","-","-","-","-","-","-","-10,012.880","1,395.910","13,194.520","-4,688.468","-2,783.431","-9,018.490","6,267.650","-2,321.655","531.200","-838.678","-5,863.660","-5,148.886","11,231.725","10,620.705","","-","-","-","-","-","-","-","-","-","-","-","-","-","-","-","-","-","-","-","-","-","-","-","-","-","-","-","-","-","-","-","-","-","-","-","-","-","-","-","-","-","-","-","-","-","-","-","-","-","-","-","-","-","-","-","-","-","-","-","-","-","-","-","-","-","-","-","-","-","-","-","-","-","-","-","-","-","-","-","-","-","-","-","-","-","-","0.000","0.000","0.000","0.000","0.000","-3,765.157","0.000","-2,488.908","0.000","-1,775.628","-5,778.365","-2,099.771","7,332.109","3,122.534","-1,772.698","605.526","-1,424.162","-5,050.055","6,053.877","-5,361.190","3,518.690","8,594.763","-4,887.453","-6,200.072","-3,370.898","7,355.630","-6,526.815","5,943.535","-11,921.236","6,390.544","-4,728.855","902.729","8,667.307","5,779.524"
"Change In DeferredTax","-","-","-","-","-","-","-","-","-","-","-","-","-","-","-","-","-","0.000","0.000","0.000","0.000","0.000","0.000","0.000","0.000","0.000","0.000","0.000","0.000","0.000","0.000","","-","-","-","-","-","-","-","-","-","-","-","-","-","-","-","-","-","-","-","-","-","-","-","-","-","-","-","-","-","-","-","-","-","-","-","-","-","-","-","-","-","-","-","-","-","-","-","-","-","-","-","-","-","-","-","-","-","-","-","-","-","-","-","-","-","-","-","-","-","-","-","-","-","-","-","-","-","-","-","-","-","-","-","-","-","-","0.000","0.000","0.000","0.000","0.000","0.000","0.000","0.000","0.000","0.000","0.000","0.000","0.000","0.000","0.000","0.000","0.000","0.000","0.000","0.000","0.000","0.000","0.000","0.000","0.000","0.000","0.000","0.000","0.000","0.000","0.000","0.000","0.000","0.000"
"Stock Based Compensation","-","-","-","-","-","-","-","-","-","-","-","-","-","-","-","-","-","0.000","0.000","0.000","0.000","0.000","0.000","76.280","87.960","97.490","114.490","93.080","55.100","56.620","0.000","","-","-","-","-","-","-","-","-","-","-","-","-","-","-","-","-","-","-","-","-","-","-","-","-","-","-","-","-","-","-","-","-","-","-","-","-","-","-","-","-","-","-","-","-","-","-","-","-","-","-","-","-","-","-","-","-","-","-","-","-","-","-","-","-","-","-","-","-","-","-","-","-","-","-","-","-","-","-","-","-","-","-","-","-","-","-","0.000","0.000","0.000","0.000","0.000","0.000","0.000","0.000","0.000","0.000","0.000","0.000","0.000","0.000","0.000","0.000","0.000","0.000","0.000","0.000","0.000","0.000","0.000","0.000","0.000","0.000","0.000","0.000","0.000","0.000","0.000","0.000","0.000","0.000"
"Cash Flow from Discontinued Operations","-","-","-","-","-","-","-","-","-","-","-","-","-","-","-","-","-","0.000","0.000","0.000","0.000","0.000","0.000","0.000","0.000","0.000","0.000","0.000","0.000","0.000","0.000","","-","-","-","-","-","-","-","-","-","-","-","-","-","-","-","-","-","-","-","-","-","-","-","-","-","-","-","-","-","-","-","-","-","-","-","-","-","-","-","-","-","-","-","-","-","-","-","-","-","-","-","-","-","-","-","-","-","-","-","-","-","-","-","-","-","-","-","-","-","-","-","-","-","-","-","-","-","-","-","-","-","-","-","-","-","-","0.000","0.000","0.000","0.000","0.000","0.000","0.000","0.000","0.000","0.000","0.000","0.000","0.000","0.000","0.000","0.000","0.000","0.000","0.000","0.000","0.000","0.000","0.000","0.000","0.000","0.000","0.000","0.000","0.000","0.000","0.000","0.000","0.000","0.000"
"Cash Flow from Others","-","-","-","-","-","-","-","-","-","-","-","-","-","-","-","-","-","813.193","-309.289","-991.046","-410.969","37.090","695.806","-1,919.226","-2,390.464","-2,507.440","-193.412","161.528","539.968","-148.117","-79.228","","-","-","-","-","-","-","-","-","-","-","-","-","-","-","-","-","-","-","-","-","-","-","-","-","-","-","-","-","-","-","-","-","-","-","-","-","-","-","-","-","-","-","-","-","-","-","-","-","-","-","-","-","-","-","-","-","-","-","-","-","-","-","-","-","-","-","-","-","-","-","-","-","-","-","-","-","-","-","-","-","-","-","-","-","-","-","0.000","0.000","0.000","0.000","0.000","-433.301","0.000","-270.772","0.000","-489.540","-479.872","-422.630","-910.462","-1,087.680","-707.673","-195.192","-419.405","-485.643","-133.314","179.398","360.637","52.069","139.247","165.083","-94.697","202.920","77.346","92.217","222.585","-337.443","218.768","3,956.662","-3,929.484","-325.174"
"Cash Flow from Operations","-","-","-","-","-","-","-","-","-","-","-","-","-","-","-","-","-","-7,716.133","3,328.024","16,182.258","-2,044.910","1,557.365","-2,998.548","10,217.140","1,674.151","4,602.946","4,015.772","-989.671","1,017.508","17,958.898","17,481.310","","-","-","-","-","-","-","-","-","-","-","-","-","-","-","-","-","-","-","-","-","-","-","-","-","-","-","-","-","-","-","-","-","-","-","-","-","-","-","-","-","-","-","-","-","-","-","-","-","-","-","-","-","-","-","-","-","-","-","-","-","-","-","-","-","-","-","-","-","-","-","-","-","-","-","-","-","-","-","-","-","-","-","-","-","-","-","0.000","0.000","0.000","0.000","0.000","-3,069.709","0.000","-1,527.109","0.000","-772.469","-4,635.353","-873.048","7,955.021","4,020.271","-944.346","1,946.035","-419.014","-3,940.365","7,366.164","-3,832.401","4,422.374","9,640.451","-3,700.774","-4,798.038","-2,131.310","8,844.744","-5,085.638","7,569.211","-10,310.809","7,848.330","-2,900.815","6,567.279","6,444.104","7,370.742"
"Purchase Of Property, Plant, Equipment","-","-","-","-","-","-","-","-","-","-","-","-","-","-","-","-","-","-210.063","-264.586","-497.153","-396.517","-417.702","-348.392","-454.291","-507.909","-508.846","-405.944","-658.002","-549.591","-626.110","0.000","","-","-","-","-","-","-","-","-","-","-","-","-","-","-","-","-","-","-","-","-","-","-","-","-","-","-","-","-","-","-","-","-","-","-","-","-","-","-","-","-","-","-","-","-","-","-","-","-","-","-","-","-","-","-","-","-","-","-","-","-","-","-","-","-","-","-","-","-","-","-","-","-","-","-","-","-","-","-","-","-","-","-","-","-","-","-","0.000","0.000","0.000","0.000","0.000","0.000","0.000","0.000","0.000","0.000","0.000","0.000","0.000","0.000","0.000","0.000","0.000","0.000","0.000","0.000","0.000","0.000","0.000","0.000","0.000","0.000","0.000","0.000","0.000","0.000","0.000","0.000","0.000","0.000"
"Sale Of Property, Plant, Equipment","-","-","-","-","-","-","-","-","-","-","-","-","-","-","-","-","-","30.627","107.475","70.718","35.284","541.048","611.932","79.650","46.960","99.184","263.056","124.303","402.508","185.094","0.000","","-","-","-","-","-","-","-","-","-","-","-","-","-","-","-","-","-","-","-","-","-","-","-","-","-","-","-","-","-","-","-","-","-","-","-","-","-","-","-","-","-","-","-","-","-","-","-","-","-","-","-","-","-","-","-","-","-","-","-","-","-","-","-","-","-","-","-","-","-","-","-","-","-","-","-","-","-","-","-","-","-","-","-","-","-","-","0.000","0.000","0.000","0.000","0.000","0.000","0.000","0.000","0.000","0.000","0.000","0.000","0.000","0.000","0.000","0.000","0.000","0.000","0.000","0.000","0.000","0.000","0.000","0.000","0.000","0.000","0.000","0.000","0.000","0.000","0.000","0.000","0.000","0.000"
"Purchase Of Business","-","-","-","-","-","-","-","-","-","-","-","-","-","-","-","-","-","-472.845","-3,130.146","-29.297","-1,306.296","-647.430","0.000","0.000","-215.943","-51.332","-3.677","-656.462","-30.631","-10.162","0.000","","-","-","-","-","-","-","-","-","-","-","-","-","-","-","-","-","-","-","-","-","-","-","-","-","-","-","-","-","-","-","-","-","-","-","-","-","-","-","-","-","-","-","-","-","-","-","-","-","-","-","-","-","-","-","-","-","-","-","-","-","-","-","-","-","-","-","-","-","-","-","-","-","-","-","-","-","-","-","-","-","-","-","-","-","-","-","0.000","0.000","0.000","0.000","0.000","0.000","0.000","0.000","0.000","0.000","0.000","0.000","0.000","0.000","0.000","0.000","0.000","0.000","0.000","0.000","0.000","0.000","0.000","0.000","0.000","0.000","0.000","0.000","0.000","0.000","0.000","0.000","0.000","0.000"
"Sale Of Business","-","-","-","-","-","-","-","-","-","-","-","-","-","-","-","-","-","666.758","179.184","971.666","0.000","34.939","235.255","0.640","73.602","1,107.994","254.605","3.610","151.765","49.736","0.000","","-","-","-","-","-","-","-","-","-","-","-","-","-","-","-","-","-","-","-","-","-","-","-","-","-","-","-","-","-","-","-","-","-","-","-","-","-","-","-","-","-","-","-","-","-","-","-","-","-","-","-","-","-","-","-","-","-","-","-","-","-","-","-","-","-","-","-","-","-","-","-","-","-","-","-","-","-","-","-","-","-","-","-","-","-","-","0.000","0.000","0.000","0.000","0.000","0.000","0.000","0.000","0.000","0.000","0.000","0.000","0.000","0.000","0.000","0.000","0.000","0.000","0.000","0.000","0.000","0.000","0.000","0.000","0.000","0.000","0.000","0.000","0.000","0.000","0.000","0.000","0.000","0.000"
"Purchase Of Investment","-","-","-","-","-","-","-","-","-","-","-","-","-","-","-","-","-","0.000","0.000","-2,973.111","-3,008.998","-522.535","0.000","-4,285.502","0.000","-3,308.958","-9,165.865","-8,294.428","-4,655.378","-7,001.654","0.000","","-","-","-","-","-","-","-","-","-","-","-","-","-","-","-","-","-","-","-","-","-","-","-","-","-","-","-","-","-","-","-","-","-","-","-","-","-","-","-","-","-","-","-","-","-","-","-","-","-","-","-","-","-","-","-","-","-","-","-","-","-","-","-","-","-","-","-","-","-","-","-","-","-","-","-","-","-","-","-","-","-","-","-","-","-","-","0.000","0.000","0.000","0.000","0.000","0.000","0.000","0.000","0.000","0.000","0.000","0.000","0.000","0.000","0.000","0.000","0.000","0.000","0.000","0.000","0.000","0.000","0.000","0.000","0.000","0.000","0.000","0.000","0.000","0.000","0.000","0.000","0.000","0.000"
"Sale Of Investment","-","-","-","-","-","-","-","-","-","-","-","-","-","-","-","-","-","3,908.906","2,534.933","0.000","0.000","3,813.639","490.206","0.000","0.000","0.000","0.000","0.000","1,516.197","0.000","0.000","","-","-","-","-","-","-","-","-","-","-","-","-","-","-","-","-","-","-","-","-","-","-","-","-","-","-","-","-","-","-","-","-","-","-","-","-","-","-","-","-","-","-","-","-","-","-","-","-","-","-","-","-","-","-","-","-","-","-","-","-","-","-","-","-","-","-","-","-","-","-","-","-","-","-","-","-","-","-","-","-","-","-","-","-","-","-","0.000","0.000","0.000","0.000","0.000","0.000","0.000","0.000","0.000","0.000","0.000","0.000","0.000","0.000","0.000","0.000","0.000","0.000","0.000","0.000","0.000","0.000","0.000","0.000","0.000","0.000","0.000","0.000","0.000","0.000","0.000","0.000","0.000","0.000"
"Net Intangibles Purchase And Sale","-","-","-","-","-","-","-","-","-","-","-","-","-","-","-","-","-","-23.512","-43.337","-61.797","-69.737","-236.804","-168.250","-306.153","-318.934","-356.671","-328.249","-223.413","-389.404","-54.733","0.000","","-","-","-","-","-","-","-","-","-","-","-","-","-","-","-","-","-","-","-","-","-","-","-","-","-","-","-","-","-","-","-","-","-","-","-","-","-","-","-","-","-","-","-","-","-","-","-","-","-","-","-","-","-","-","-","-","-","-","-","-","-","-","-","-","-","-","-","-","-","-","-","-","-","-","-","-","-","-","-","-","-","-","-","-","-","-","0.000","0.000","0.000","0.000","0.000","0.000","0.000","0.000","0.000","0.000","0.000","0.000","0.000","0.000","0.000","0.000","0.000","0.000","0.000","0.000","0.000","0.000","0.000","0.000","0.000","0.000","0.000","0.000","0.000","0.000","0.000","0.000","0.000","0.000"
"Cash From Discontinued Investing Activities","-","-","-","-","-","-","-","-","-","-","-","-","-","-","-","-","-","0.000","0.000","0.000","0.000","0.000","0.000","0.000","0.000","0.000","0.000","0.000","0.000","0.000","0.000","","-","-","-","-","-","-","-","-","-","-","-","-","-","-","-","-","-","-","-","-","-","-","-","-","-","-","-","-","-","-","-","-","-","-","-","-","-","-","-","-","-","-","-","-","-","-","-","-","-","-","-","-","-","-","-","-","-","-","-","-","-","-","-","-","-","-","-","-","-","-","-","-","-","-","-","-","-","-","-","-","-","-","-","-","-","-","0.000","0.000","0.000","0.000","0.000","0.000","0.000","0.000","0.000","0.000","0.000","0.000","0.000","0.000","0.000","0.000","0.000","0.000","0.000","0.000","0.000","0.000","0.000","0.000","0.000","0.000","0.000","0.000","0.000","0.000","0.000","0.000","0.000","0.000"
"Cash From Other Investing Activities","-","-","-","-","-","-","-","-","-","-","-","-","-","-","-","-","-","29.266","57.675","-1.887","39.861","20.489","47.313","72.257","-6,734.261","109.744","107.777","210.051","112.023","95.688","0.000","","-","-","-","-","-","-","-","-","-","-","-","-","-","-","-","-","-","-","-","-","-","-","-","-","-","-","-","-","-","-","-","-","-","-","-","-","-","-","-","-","-","-","-","-","-","-","-","-","-","-","-","-","-","-","-","-","-","-","-","-","-","-","-","-","-","-","-","-","-","-","-","-","-","-","-","-","-","-","-","-","-","-","-","-","-","-","0.000","0.000","0.000","0.000","0.000","0.000","0.000","0.000","0.000","0.000","0.000","0.000","0.000","0.000","0.000","0.000","0.000","0.000","0.000","0.000","0.000","0.000","0.000","0.000","0.000","0.000","0.000","0.000","0.000","0.000","0.000","0.000","0.000","0.000"
"Cash Flow from Investing","-","-","-","-","-","-","-","-","-","-","-","-","-","-","-","-","-","3,929.137","-558.802","-2,520.861","-4,706.403","2,585.644","868.064","-4,893.399","-7,656.485","-2,908.885","-9,278.297","-9,494.341","-3,442.511","-7,362.141","-8,098.242","","-","-","-","-","-","-","-","-","-","-","-","-","-","-","-","-","-","-","-","-","-","-","-","-","-","-","-","-","-","-","-","-","-","-","-","-","-","-","-","-","-","-","-","-","-","-","-","-","-","-","-","-","-","-","-","-","-","-","-","-","-","-","-","-","-","-","-","-","-","-","-","-","-","-","-","-","-","-","-","-","-","-","-","-","-","-","0.000","0.000","0.000","0.000","0.000","1,018.935","0.000","-708.797","0.000","-1,547.382","-1,417.468","-2,095.981","-2,595.654","917.766","-1,753.793","-2,274.690","201.832","-3,591.473","-298.698","-2,361.465","-3,026.661","-4,138.627","-5,356.412","-2,859.255","2,859.953","927.730","-1,891.295","-1,845.901","-633.045","-755.120","-942.691","-3,673.858","-1,990.472","-1,491.221"
"Issuance of Stock","-","-","-","-","-","-","-","-","-","-","-","-","-","-","-","-","-","221.932","109.015","1,381.315","0.000","0.000","506.224","0.000","0.000","0.000","3,541.534","0.000","0.000","0.000","0.000","","-","-","-","-","-","-","-","-","-","-","-","-","-","-","-","-","-","-","-","-","-","-","-","-","-","-","-","-","-","-","-","-","-","-","-","-","-","-","-","-","-","-","-","-","-","-","-","-","-","-","-","-","-","-","-","-","-","-","-","-","-","-","-","-","-","-","-","-","-","-","-","-","-","-","-","-","-","-","-","-","-","-","-","-","-","-","0.000","0.000","0.000","0.000","0.000","0.000","0.000","0.000","0.000","0.000","0.000","0.000","0.000","0.000","0.000","0.000","0.000","0.000","0.000","0.000","0.000","0.000","0.000","0.000","0.000","0.000","0.000","0.000","0.000","0.000","0.000","0.000","0.000","0.000"
"Repurchase of Stock","-","-","-","-","-","-","-","-","-","-","-","-","-","-","-","-","-","0.000","-261.574","-54.923","-461.702","-0.174","-0.021","-0.009","-0.002","-0.009","-0.001","-0.001","0.000","0.000","0.000","","-","-","-","-","-","-","-","-","-","-","-","-","-","-","-","-","-","-","-","-","-","-","-","-","-","-","-","-","-","-","-","-","-","-","-","-","-","-","-","-","-","-","-","-","-","-","-","-","-","-","-","-","-","-","-","-","-","-","-","-","-","-","-","-","-","-","-","-","-","-","-","-","-","-","-","-","-","-","-","-","-","-","-","-","-","-","0.000","0.000","0.000","0.000","0.000","0.000","0.000","0.000","0.000","0.000","0.000","0.000","0.000","0.000","0.000","0.000","0.000","0.000","0.000","0.000","0.000","0.000","0.000","0.000","0.000","0.000","0.000","0.000","0.000","0.000","0.000","0.000","0.000","0.000"
"Net Issuance of Preferred Stock","-","-","-","-","-","-","-","-","-","-","-","-","-","-","-","-","-","0.000","897.728","17.305","0.000","-2.350","0.000","-13.696","-11.455","0.000","-91.529","-924.100","0.000","0.000","0.000","","-","-","-","-","-","-","-","-","-","-","-","-","-","-","-","-","-","-","-","-","-","-","-","-","-","-","-","-","-","-","-","-","-","-","-","-","-","-","-","-","-","-","-","-","-","-","-","-","-","-","-","-","-","-","-","-","-","-","-","-","-","-","-","-","-","-","-","-","-","-","-","-","-","-","-","-","-","-","-","-","-","-","-","-","-","-","0.000","0.000","0.000","0.000","0.000","0.000","0.000","0.000","0.000","0.000","0.000","0.000","0.000","0.000","0.000","0.000","0.000","0.000","0.000","0.000","0.000","0.000","0.000","0.000","0.000","0.000","0.000","0.000","0.000","0.000","0.000","0.000","0.000","0.000"
"Net Issuance of Debt","-","-","-","-","-","-","-","-","-","-","-","-","-","-","-","-","-","-658.236","4,461.551","-3,185.645","1,774.392","81.913","3,728.772","3,132.189","5,262.075","3,484.507","1,436.536","4,128.624","-757.467","11,082.446","0.000","","-","-","-","-","-","-","-","-","-","-","-","-","-","-","-","-","-","-","-","-","-","-","-","-","-","-","-","-","-","-","-","-","-","-","-","-","-","-","-","-","-","-","-","-","-","-","-","-","-","-","-","-","-","-","-","-","-","-","-","-","-","-","-","-","-","-","-","-","-","-","-","-","-","-","-","-","-","-","-","-","-","-","-","-","-","-","0.000","0.000","0.000","0.000","0.000","0.000","0.000","0.000","0.000","0.000","0.000","0.000","0.000","0.000","0.000","0.000","0.000","0.000","0.000","0.000","0.000","0.000","0.000","0.000","0.000","0.000","0.000","0.000","0.000","0.000","0.000","0.000","0.000","0.000"
"Cash Flow for Dividends","-","-","-","-","-","-","-","-","-","-","-","-","-","-","-","-","-","-292.683","-340.356","-983.188","-642.008","-733.308","-1,996.492","-1,497.805","-1,114.916","-405.999","-390.327","-141.085","-223.334","-402.338","0.000","","-","-","-","-","-","-","-","-","-","-","-","-","-","-","-","-","-","-","-","-","-","-","-","-","-","-","-","-","-","-","-","-","-","-","-","-","-","-","-","-","-","-","-","-","-","-","-","-","-","-","-","-","-","-","-","-","-","-","-","-","-","-","-","-","-","-","-","-","-","-","-","-","-","-","-","-","-","-","-","-","-","-","-","-","-","-","0.000","0.000","0.000","0.000","0.000","0.000","0.000","0.000","0.000","0.000","0.000","0.000","0.000","0.000","0.000","0.000","0.000","0.000","0.000","0.000","0.000","0.000","0.000","0.000","0.000","0.000","0.000","0.000","0.000","0.000","0.000","0.000","0.000","0.000"
"Other Financing","-","-","-","-","-","-","-","-","-","-","-","-","-","-","-","-","-","-0.534","-0.000","0.000","-1.283","0.000","0.000","0.000","-44.396","-783.552","-1,312.693","-1,623.298","-1,319.204","-1,891.177","0.000","","-","-","-","-","-","-","-","-","-","-","-","-","-","-","-","-","-","-","-","-","-","-","-","-","-","-","-","-","-","-","-","-","-","-","-","-","-","-","-","-","-","-","-","-","-","-","-","-","-","-","-","-","-","-","-","-","-","-","-","-","-","-","-","-","-","-","-","-","-","-","-","-","-","-","-","-","-","-","-","-","-","-","-","-","-","-","0.000","0.000","0.000","0.000","0.000","0.000","0.000","0.000","0.000","0.000","0.000","0.000","0.000","0.000","0.000","0.000","0.000","0.000","0.000","0.000","0.000","0.000","0.000","0.000","0.000","0.000","0.000","0.000","0.000","0.000","0.000","0.000","0.000","0.000"
"Cash Flow from Financing","-","-","-","-","-","-","-","-","-","-","-","-","-","-","-","-","-","-729.521","5,127.938","-2,825.136","669.399","-653.919","2,238.483","1,620.679","4,091.306","2,294.947","3,183.520","1,440.140","-2,300.005","8,788.931","2,135.042","","-","-","-","-","-","-","-","-","-","-","-","-","-","-","-","-","-","-","-","-","-","-","-","-","-","-","-","-","-","-","-","-","-","-","-","-","-","-","-","-","-","-","-","-","-","-","-","-","-","-","-","-","-","-","-","-","-","-","-","-","-","-","-","-","-","-","-","-","-","-","-","-","-","-","-","-","-","-","-","-","-","-","-","-","-","-","0.000","0.000","0.000","0.000","0.000","-0.013","0.000","41.500","0.000","-961.730","547.646","909.366","3,596.024","286.980","-1,219.913","1,364.454","1,863.426","3,984.907","-1,381.925","887.604","-307.066","-493.021","1,459.441","203.041","270.679","2,481.762","-1,543.689","-947.643","-2,290.435","5,699.640","5,346.402","-311.838","-1,945.273","-954.249"
"Net Change in Cash","-","-","-","-","-","-","-","-","-","-","-","-","-","-","-","-","-","-4,516.517","7,897.160","10,836.261","-6,081.914","3,489.090","107.999","6,944.420","-1,891.028","3,989.008","-2,079.005","-9,043.872","-4,725.008","19,385.688","11,518.110","","-","-","-","-","-","-","-","-","-","-","-","-","-","-","-","-","-","-","-","-","-","-","-","-","-","-","-","-","-","-","-","-","-","-","-","-","-","-","-","-","-","-","-","-","-","-","-","-","-","-","-","-","-","-","-","-","-","-","-","-","-","-","-","-","-","-","-","-","-","-","-","-","-","-","-","-","-","-","-","-","-","-","-","-","-","-","0.000","0.000","0.000","0.000","0.000","-2,050.787","0.000","-2,194.406","0.000","-3,281.581","-5,505.175","-2,059.663","8,955.391","5,225.017","-3,918.052","1,035.799","1,646.244","-3,546.931","5,685.541","-5,306.262","1,088.647","5,008.803","-7,597.745","-7,454.252","999.322","12,254.236","-8,520.622","4,775.667","-13,234.289","12,792.850","1,502.896","2,581.583","2,508.359","4,925.272"
"Capital Expenditure","-","-","-","-","-","-","-","-","-","-","-","-","-","-","-","-","-","-234.823","-309.997","-588.341","-466.254","-654.506","-516.642","-762.347","-827.581","-876.712","-754.183","-943.595","-1,037.095","-711.919","0.000","","-","-","-","-","-","-","-","-","-","-","-","-","-","-","-","-","-","-","-","-","-","-","-","-","-","-","-","-","-","-","-","-","-","-","-","-","-","-","-","-","-","-","-","-","-","-","-","-","-","-","-","-","-","-","-","-","-","-","-","-","-","-","-","-","-","-","-","-","-","-","-","-","-","-","-","-","-","-","-","-","-","-","-","-","-","-","0.000","0.000","0.000","0.000","0.000","0.000","0.000","0.000","0.000","0.000","0.000","0.000","0.000","0.000","0.000","0.000","0.000","0.000","0.000","0.000","0.000","0.000","0.000","0.000","0.000","0.000","0.000","0.000","0.000","0.000","0.000","0.000","0.000","0.000"
"Free Cash Flow","-","-","-","-","-","-","-","-","-","-","-","-","-","-","-","-","-","-7,950.956","3,018.027","15,593.917","-2,511.164","902.859","-3,515.190","9,454.793","846.570","3,726.234","3,261.589","-1,933.266","-19.587","17,246.979","","","","","","","","","","","","","","","","","","","","","","","","","","","","","","","","","","","","","","","","","","","","","","","","","","","","","","","","","","","","","","","","","","","","","","","","","","","","","","","","","","","","","","","","","","","","","","0.000","","0.000","","0.000","0.000","0.000","0.000","0.000","0.000","0.000","0.000","0.000","0.000","0.000","0.000","0.000","0.000","0.000","0.000","0.000","0.000","0.000","0.000","0.000","0.000","0.000","0.000","0.000"
"PE Ratio","-","-","-","-","-","-","-","-","-","-","-","-","-","-","-","-","-","18.870","16.150","13.130","10.120","16.380","72.030","11.190","13.040","12.680","14.830","13.510","11.000","13.160","12.170","","-","-","-","-","-","-","-","-","-","-","-","-","-","-","-","-","-","-","-","-","-","-","-","-","-","-","-","-","-","-","-","-","-","-","-","-","-","-","-","-","-","-","-","-","-","-","-","-","-","-","-","-","-","-","-","-","-","-","-","-","-","-","-","-","-","-","-","-","-","-","-","-","-","-","-","-","-","-","-","-","-","-","-","-","-","-","0.000","16.150","13.130","10.120","16.380","13.780","72.030","66.670","11.190","11.340","9.150","7.650","13.040","12.000","13.210","12.290","12.680","13.100","14.080","14.440","14.830","19.940","20.040","17.020","13.510","13.400","11.240","11.490","11.000","12.430","14.000","13.180","13.160","14.210"
"Price-to-Owner-Earnings","-","-","-","-","-","-","-","-","-","-","-","-","-","-","-","-","-","0.000","0.000","0.000","0.000","0.000","0.000","0.000","0.000","0.000","34.530","0.000","0.000","0.000","0.000","","-","-","-","-","-","-","-","-","-","-","-","-","-","-","-","-","-","-","-","-","-","-","-","-","-","-","-","-","-","-","-","-","-","-","-","-","-","-","-","-","-","-","-","-","-","-","-","-","-","-","-","-","-","-","-","-","-","-","-","-","-","-","-","-","-","-","-","-","-","-","-","-","-","-","-","-","-","-","-","-","-","-","-","-","-","-","0.000","0.000","0.000","0.000","0.000","0.000","0.000","0.000","0.000","0.000","0.000","0.000","0.000","0.000","0.000","0.000","0.000","0.000","0.000","0.000","34.530","0.000","0.000","40.180","0.000","0.000","0.000","0.000","0.000","0.000","0.000","0.000","0.000","0.000"
"PB Ratio","-","-","-","-","-","-","-","-","-","-","-","-","-","-","-","-","-","1.660","2.100","2.360","1.230","2.230","2.710","2.130","2.000","1.950","1.250","0.940","0.880","1.250","1.230","","-","-","-","-","-","-","-","-","-","-","-","-","-","-","-","-","-","-","-","-","-","-","-","-","-","-","-","-","-","-","-","-","-","-","-","-","-","-","-","-","-","-","-","-","-","-","-","-","-","-","-","-","-","-","-","-","-","-","-","-","-","-","-","-","-","-","-","-","-","-","-","-","-","-","-","-","-","-","-","-","-","-","-","-","-","-","1.660","2.100","2.360","1.230","2.230","0.000","2.710","2.590","2.130","2.210","2.080","2.040","2.000","1.890","2.060","1.940","1.950","1.630","1.710","1.610","1.250","1.360","1.200","0.960","0.940","1.010","0.890","0.950","0.880","1.080","1.260","1.210","1.250","1.410"
"Price-to-Tangible-Book","-","-","-","-","-","-","-","-","-","-","-","-","-","-","-","-","-","1.780","3.660","3.460","2.250","4.130","4.630","3.420","3.080","2.860","1.700","1.250","1.150","1.580","1.560","","-","-","-","-","-","-","-","-","-","-","-","-","-","-","-","-","-","-","-","-","-","-","-","-","-","-","-","-","-","-","-","-","-","-","-","-","-","-","-","-","-","-","-","-","-","-","-","-","-","-","-","-","-","-","-","-","-","-","-","-","-","-","-","-","-","-","-","-","-","-","-","-","-","-","-","-","-","-","-","-","-","-","-","-","-","-","1.780","3.660","3.460","2.250","4.130","0.000","4.630","4.390","3.420","3.530","3.260","3.160","3.080","2.820","3.050","2.850","2.860","2.260","2.350","2.200","1.700","1.830","1.610","1.290","1.250","1.340","1.180","1.250","1.150","1.390","1.620","1.540","1.580","1.770"
"Price-to-Free-Cash-Flow","-","-","-","-","-","-","-","-","-","-","-","-","-","-","-","-","-","0.000","4.670","2.380","0.000","50.160","0.000","5.850","66.930","15.490","14.110","0.000","0.000","3.420","0.000","","-","-","-","-","-","-","-","-","-","-","-","-","-","-","-","-","-","-","-","-","-","-","-","-","-","-","-","-","-","-","-","-","-","-","-","-","-","-","-","-","-","-","-","-","-","-","-","-","-","-","-","-","-","-","-","-","-","-","-","-","-","-","-","-","-","-","-","-","-","-","-","-","-","-","-","-","-","-","-","-","-","-","-","-","-","-","0.000","4.670","2.380","0.000","0.000","0.000","0.000","0.000","0.000","0.000","0.000","0.000","0.000","0.000","0.000","0.000","0.000","0.000","0.000","0.000","0.000","0.000","0.000","0.000","0.000","0.000","0.000","0.000","0.000","0.000","0.000","0.000","0.000","0.000"
"Price-to-Operating-Cash-Flow","-","-","-","-","-","-","-","-","-","-","-","-","-","-","-","-","-","0.000","7.380","2.270","0.000","29.050","0.000","5.410","33.910","12.330","11.960","0.000","29.100","3.290","3.270","","-","-","-","-","-","-","-","-","-","-","-","-","-","-","-","-","-","-","-","-","-","-","-","-","-","-","-","-","-","-","-","-","-","-","-","-","-","-","-","-","-","-","-","-","-","-","-","-","-","-","-","-","-","-","-","-","-","-","-","-","-","-","-","-","-","-","-","-","-","-","-","-","-","-","-","-","-","-","-","-","-","-","-","-","-","-","0.000","0.000","0.000","0.000","0.000","0.000","0.000","0.000","0.000","0.000","0.000","0.000","33.910","8.770","6.050","4.320","12.330","0.000","12.160","0.000","11.960","2.970","7.090","6.690","0.000","0.000","0.000","4.410","29.100","1,856.670","24.640","50.400","3.290","3.780"
"PS Ratio","-","-","-","-","-","-","-","-","-","-","-","-","-","-","-","-","-","3.390","3.840","4.070","2.550","4.320","21.520","20.110","4.210","4.110","3.300","2.520","2.480","3.390","3.290","","-","-","-","-","-","-","-","-","-","-","-","-","-","-","-","-","-","-","-","-","-","-","-","-","-","-","-","-","-","-","-","-","-","-","-","-","-","-","-","-","-","-","-","-","-","-","-","-","-","-","-","-","-","-","-","-","-","-","-","-","-","-","-","-","-","-","-","-","-","-","-","-","-","-","-","-","-","-","-","-","-","-","-","-","-","-","0.000","3.840","4.070","2.550","0.000","17.800","21.520","22.160","20.110","17.560","8.550","5.510","4.210","4.160","4.490","4.120","4.110","3.910","4.110","4.020","3.300","3.690","3.160","2.530","2.520","2.690","2.430","2.620","2.480","2.980","3.450","3.260","3.390","3.810"
"PEG Ratio","-","-","-","-","-","-","-","-","-","-","-","-","-","-","-","-","-","0.000","0.000","0.000","0.000","0.540","74.260","0.000","0.000","0.000","0.000","0.000","1.430","0.000","0.000","","-","-","-","-","-","-","-","-","-","-","-","-","-","-","-","-","-","-","-","-","-","-","-","-","-","-","-","-","-","-","-","-","-","-","-","-","-","-","-","-","-","-","-","-","-","-","-","-","-","-","-","-","-","-","-","-","-","-","-","-","-","-","-","-","-","-","-","-","-","-","-","-","-","-","-","-","-","-","-","-","-","-","-","-","-","-","0.000","0.000","0.000","0.000","0.540","0.000","74.260","0.000","0.000","0.000","0.000","0.000","0.000","0.000","0.000","0.000","0.000","0.000","0.000","0.000","0.000","0.000","0.000","0.000","0.000","0.490","0.530","0.790","1.430","12.310","0.000","0.000","0.000","0.000"
"EV-to-Revenue","-","-","-","-","-","-","-","-","-","-","-","-","-","-","-","-","-","1.440","3.870","4.090","2.580","2.490","15.410","14.440","3.380","3.480","2.570","2.450","2.440","2.760","2.320","","-","-","-","-","-","-","-","-","-","-","-","-","-","-","-","-","-","-","-","-","-","-","-","-","-","-","-","-","-","-","-","-","-","-","-","-","-","-","-","-","-","-","-","-","-","-","-","-","-","-","-","-","-","-","-","-","-","-","-","-","-","-","-","-","-","-","-","-","-","-","-","-","-","-","-","-","-","-","-","-","-","-","-","-","-","-","0.000","3.870","4.090","2.580","0.000","17.810","15.410","14.000","14.440","6.240","4.260","2.860","3.380","2.510","3.410","3.220","3.480","3.510","3.310","3.610","2.570","2.470","2.720","2.610","2.450","2.080","2.070","1.980","2.440","2.560","3.280","2.660","2.760","2.800"
"EV-to-EBITDA","-","-","-","-","-","-","-","-","-","-","-","-","-","-","-","-","-","0.000","11.200","7.260","5.050","0.000","38.870","33.080","7.280","7.560","7.270","8.350","7.210","0.000","0.000","","-","-","-","-","-","-","-","-","-","-","-","-","-","-","-","-","-","-","-","-","-","-","-","-","-","-","-","-","-","-","-","-","-","-","-","-","-","-","-","-","-","-","-","-","-","-","-","-","-","-","-","-","-","-","-","-","-","-","-","-","-","-","-","-","-","-","-","-","-","-","-","-","-","-","-","-","-","-","-","-","-","-","-","-","-","-","0.000","11.200","7.260","5.050","0.000","44.940","38.870","32.080","33.080","13.910","9.230","6.220","7.280","5.250","7.040","6.490","7.560","8.160","7.800","8.800","7.270","8.070","10.060","10.310","8.350","6.780","6.320","5.770","7.210","7.200","9.080","7.330","0.000","0.000"
"EV-to-EBIT","-","-","-","-","-","-","-","-","-","-","-","-","-","-","-","-","-","0.000","12.570","7.710","5.520","0.000","0.000","0.000","0.000","0.000","0.000","0.000","0.000","0.000","0.000","","-","-","-","-","-","-","-","-","-","-","-","-","-","-","-","-","-","-","-","-","-","-","-","-","-","-","-","-","-","-","-","-","-","-","-","-","-","-","-","-","-","-","-","-","-","-","-","-","-","-","-","-","-","-","-","-","-","-","-","-","-","-","-","-","-","-","-","-","-","-","-","-","-","-","-","-","-","-","-","-","-","-","-","-","-","-","0.000","12.570","7.710","5.520","0.000","0.000","0.000","0.000","0.000","0.000","0.000","0.000","0.000","0.000","0.000","0.000","0.000","0.000","0.000","0.000","0.000","0.000","0.000","0.000","0.000","0.000","0.000","0.000","0.000","0.000","0.000","0.000","0.000","0.000"
"Earnings Yield (Joel Greenblatt) %","-","-","-","-","-","-","-","-","-","-","-","-","-","-","-","-","-","0.000","7.960","12.970","18.120","0.000","0.000","0.000","0.000","0.000","0.000","0.000","0.000","0.000","0.000","","-","-","-","-","-","-","-","-","-","-","-","-","-","-","-","-","-","-","-","-","-","-","-","-","-","-","-","-","-","-","-","-","-","-","-","-","-","-","-","-","-","-","-","-","-","-","-","-","-","-","-","-","-","-","-","-","-","-","-","-","-","-","-","-","-","-","-","-","-","-","-","-","-","-","-","-","-","-","-","-","-","-","-","-","-","-","0.000","7.960","12.970","18.120","0.000","0.000","0.000","0.000","0.000","0.000","0.000","0.000","0.000","0.000","0.000","0.000","0.000","0.000","0.000","0.000","0.000","0.000","0.000","0.000","0.000","0.000","0.000","0.000","0.000","0.000","0.000","0.000","0.000","0.000"
"Forward Rate of Return (Yacktman) %","-","-","-","-","-","-","-","-","-","-","-","-","-","-","-","-","-","0.000","0.000","0.000","0.000","34.900","13.420","-3.730","0.000","0.000","0.000","-12.020","7.690","0.000","0.000","","-","-","-","-","-","-","-","-","-","-","-","-","-","-","-","-","-","-","-","-","-","-","-","-","-","-","-","-","-","-","-","-","-","-","-","-","-","-","-","-","-","-","-","-","-","-","-","-","-","-","-","-","-","-","-","-","-","-","-","-","-","-","-","-","-","-","-","-","-","-","-","-","-","-","-","-","-","-","-","-","-","-","-","-","-","-","0.000","0.000","0.000","0.000","34.900","0.000","13.420","0.000","-3.730","0.000","0.000","0.000","0.000","0.000","0.000","0.000","0.000","0.000","0.000","0.000","0.000","0.000","0.000","0.000","-12.020","20.000","20.000","14.490","7.690","1.010","-4.760","-6.860","0.000","0.000"
"Shiller PE Ratio","-","-","-","-","-","-","-","-","-","-","-","-","-","-","-","-","-","0.000","0.000","0.000","0.000","0.000","0.000","11.360","0.000","0.000","0.000","0.000","0.000","0.000","0.000","","-","-","-","-","-","-","-","-","-","-","-","-","-","-","-","-","-","-","-","-","-","-","-","-","-","-","-","-","-","-","-","-","-","-","-","-","-","-","-","-","-","-","-","-","-","-","-","-","-","-","-","-","-","-","-","-","-","-","-","-","-","-","-","-","-","-","-","-","-","-","-","-","-","-","-","-","-","-","-","-","-","-","-","-","-","-","0.000","0.000","0.000","0.000","0.000","0.000","0.000","0.000","11.360","0.000","0.000","0.000","0.000","0.000","0.000","0.000","0.000","0.000","0.000","0.000","0.000","0.000","0.000","0.000","0.000","0.000","0.000","0.000","0.000","0.000","0.000","0.000","0.000","0.000"
"Dividend Yield %","-","-","-","-","-","-","-","-","-","-","-","-","-","-","-","-","-","0.000","0.000","0.000","0.000","0.000","1.090","3.760","1.970","4.090","3.650","1.760","4.210","0.000","4.030","","-","-","-","-","-","-","-","-","-","-","-","-","-","-","-","-","-","-","-","-","-","-","-","-","-","-","-","-","-","-","-","-","-","-","-","-","-","-","-","-","-","-","-","-","-","-","-","-","-","-","-","-","-","-","-","-","-","-","-","-","-","-","-","-","-","-","-","-","-","-","-","-","-","-","-","-","-","-","-","-","-","-","-","-","-","-","0.000","0.000","0.000","0.000","0.000","1.320","1.090","0.980","3.760","3.900","3.960","4.670","1.970","3.070","2.830","4.150","4.090","3.230","3.160","2.890","3.650","2.410","2.740","1.790","1.760","2.890","3.210","4.030","4.210","3.590","3.040","1.900","0.000","0.000"
"Market Cap","-","-","-","-","-","-","-","-","-","-","-","-","-","-","-","-","-","16,033.484","24,711.177","37,115.980","20,967.549","45,347.863","63,178.630","55,299.883","56,712.035","58,897.571","46,836.050","38,713.806","39,996.394","60,335.032","58,161.583","","-","-","-","-","-","-","-","-","-","-","-","-","-","-","-","-","-","-","-","-","-","-","-","-","-","-","-","-","-","-","-","-","-","-","-","-","-","-","-","-","-","-","-","-","-","-","-","-","-","-","-","-","-","-","-","-","-","-","-","-","-","-","-","-","-","-","-","-","-","-","-","-","-","-","-","-","-","-","-","-","-","-","-","-","-","-","16,033.484","24,711.177","37,115.980","20,967.549","45,347.863","49,656.616","63,178.630","60,948.730","55,299.883","57,158.078","56,266.145","55,745.850","56,712.035","56,712.043","62,426.215","58,124.637","58,897.571","57,965.901","60,825.020","59,218.963","46,836.050","52,395.700","46,327.984","38,031.624","38,713.806","41,357.245","37,816.347","41,770.070","39,996.394","50,420.253","59,562.884","58,120.902","60,335.032","66,331.654"
"Enterprise Value","-","-","-","-","-","-","-","-","-","-","-","-","-","-","-","-","-","6,822.852","10,153.922","6,493.623","1,893.671","26,136.049","42,951.568","39,705.784","45,535.170","48,994.667","35,861.250","37,385.673","38,578.023","48,205.387","40,000.372","","-","-","-","-","-","-","-","-","-","-","-","-","-","-","-","-","-","-","-","-","-","-","-","-","-","-","-","-","-","-","-","-","-","-","-","-","-","-","-","-","-","-","-","-","-","-","-","-","-","-","-","-","-","-","-","-","-","-","-","-","-","-","-","-","-","-","-","-","-","-","-","-","-","-","-","-","-","-","-","-","-","-","-","-","-","-","6,822.852","10,153.922","6,493.623","1,893.671","26,136.049","49,656.616","42,951.568","38,509.133","39,705.784","20,299.009","28,003.923","28,885.511","45,535.170","34,216.361","46,881.357","44,141.622","48,994.667","49,679.130","46,795.857","51,189.183","35,861.250","34,964.882","39,553.701","38,918.473","37,385.673","31,915.362","31,779.523","30,714.502","38,578.023","42,046.044","55,325.866","46,001.822","48,205.387","48,170.443"
"Net Cash per Share","-","-","-","-","-","-","-","-","-","-","-","-","-","-","-","-","-","-15.520","-18.420","-18.650","-21.950","-26.310","-27.560","-30.810","-35.810","-38.280","-39.320","-44.620","-45.240","-43.610","-43.850","","-","-","-","-","-","-","-","-","-","-","-","-","-","-","-","-","-","-","-","-","-","-","-","-","-","-","-","-","-","-","-","-","-","-","-","-","-","-","-","-","-","-","-","-","-","-","-","-","-","-","-","-","-","-","-","-","-","-","-","-","-","-","-","-","-","-","-","-","-","-","-","-","-","-","-","-","-","-","-","-","-","-","-","-","-","-","-15.520","-18.420","-18.650","-21.950","-26.310","0.000","-27.560","-28.300","-30.810","-32.240","-33.920","-34.750","-35.810","-38.030","-38.140","-38.200","-38.280","-37.180","-36.530","-37.000","-39.320","-40.940","-42.280","-45.910","-44.620","-43.820","-44.040","-44.210","-45.240","-45.060","-44.450","-43.650","-43.610","-43.850"
"Net Current Asset Value","-","-","-","-","-","-","-","-","-","-","-","-","-","-","-","-","-","0.000","0.000","0.000","0.000","0.000","0.000","0.000","0.000","0.000","0.000","0.000","0.000","0.000","0.000","","-","-","-","-","-","-","-","-","-","-","-","-","-","-","-","-","-","-","-","-","-","-","-","-","-","-","-","-","-","-","-","-","-","-","-","-","-","-","-","-","-","-","-","-","-","-","-","-","-","-","-","-","-","-","-","-","-","-","-","-","-","-","-","-","-","-","-","-","-","-","-","-","-","-","-","-","-","-","-","-","-","-","-","-","-","-","0.000","0.000","0.000","0.000","0.000","0.000","0.000","0.000","0.000","0.000","0.000","0.000","0.000","0.000","0.000","0.000","0.000","0.000","0.000","0.000","0.000","0.000","0.000","0.000","0.000","0.000","0.000","0.000","0.000","0.000","0.000","0.000","0.000","0.000"
"Net-Net Working Capital","-","-","-","-","-","-","-","-","-","-","-","-","-","-","-","-","-","-15.560","-18.450","-18.680","-21.980","-26.340","-27.580","-30.840","-35.840","-38.300","-39.340","-44.640","-45.260","-43.630","-43.870","","-","-","-","-","-","-","-","-","-","-","-","-","-","-","-","-","-","-","-","-","-","-","-","-","-","-","-","-","-","-","-","-","-","-","-","-","-","-","-","-","-","-","-","-","-","-","-","-","-","-","-","-","-","-","-","-","-","-","-","-","-","-","-","-","-","-","-","-","-","-","-","-","-","-","-","-","-","-","-","-","-","-","-","-","-","-","-15.560","-18.450","-18.680","-21.980","-26.340","0.000","-27.580","-28.320","-30.840","-32.270","-33.950","-34.770","-35.840","-38.060","-38.170","-38.220","-38.300","-37.210","-36.560","-37.020","-39.340","-40.960","-42.300","-45.930","-44.640","-43.840","-44.070","-44.230","-45.260","-45.080","-44.470","-43.670","-43.630","-43.870"
"Intrinsic Value: Projected FCF","-","-","-","-","-","-","-","-","-","-","-","-","-","-","-","-","-","0.000","0.000","0.000","0.000","0.000","0.000","8.250","0.000","0.000","0.000","3.890","0.000","0.000","0.000","","-","-","-","-","-","-","-","-","-","-","-","-","-","-","-","-","-","-","-","-","-","-","-","-","-","-","-","-","-","-","-","-","-","-","-","-","-","-","-","-","-","-","-","-","-","-","-","-","-","-","-","-","-","-","-","-","-","-","-","-","-","-","-","-","-","-","-","-","-","-","-","-","-","-","-","-","-","-","-","-","-","-","-","-","-","-","0.000","0.000","0.000","0.000","0.000","0.000","0.000","0.000","0.000","0.000","0.000","0.000","0.000","0.000","0.000","0.000","0.000","0.000","0.000","0.000","0.000","0.000","0.000","1.900","3.890","3.860","3.930","4.030","0.000","0.000","0.000","0.000","0.000","0.000"
"Median PS Value","-","-","-","-","-","-","-","-","-","-","-","-","-","-","-","-","-","7.310","8.790","11.750","0.000","0.000","1.560","1.460","7.160","7.330","6.660","7.110","7.190","7.620","7.460","","-","-","-","-","-","-","-","-","-","-","-","-","-","-","-","-","-","-","-","-","-","-","-","-","-","-","-","-","-","-","-","-","-","-","-","-","-","-","-","-","-","-","-","-","-","-","-","-","-","-","-","-","-","-","-","-","-","-","-","-","-","-","-","-","-","-","-","-","-","-","-","-","-","-","-","-","-","-","-","-","-","-","-","-","-","-","0.000","0.000","0.000","0.000","0.000","1.560","1.560","1.460","1.460","1.730","3.500","5.380","7.160","7.250","7.280","7.200","7.330","7.220","7.040","6.900","6.660","6.660","6.830","6.960","7.110","7.110","7.080","7.110","7.190","7.390","7.520","7.630","7.620","7.460"
"Peter Lynch Fair Value","-","-","-","-","-","-","-","-","-","-","-","-","-","-","-","-","-","0.000","0.000","0.000","0.000","19.880","0.000","0.000","0.000","0.000","0.000","0.000","3.150","0.000","0.000","","-","-","-","-","-","-","-","-","-","-","-","-","-","-","-","-","-","-","-","-","-","-","-","-","-","-","-","-","-","-","-","-","-","-","-","-","-","-","-","-","-","-","-","-","-","-","-","-","-","-","-","-","-","-","-","-","-","-","-","-","-","-","-","-","-","-","-","-","-","-","-","-","-","-","-","-","-","-","-","-","-","-","-","-","-","-","0.000","0.000","0.000","0.000","0.000","0.000","0.000","0.000","0.000","0.000","0.000","0.000","0.000","0.000","0.000","0.000","0.000","0.000","0.000","0.000","0.000","0.000","0.000","0.000","0.000","9.050","8.180","5.940","3.150","0.000","0.000","0.000","0.000","0.000"
"Graham Number","-","-","-","-","-","-","-","-","-","-","-","-","-","-","-","-","-","2.330","2.400","3.870","2.910","3.730","4.500","5.140","5.690","6.000","5.260","5.240","6.020","6.800","6.800","","-","-","-","-","-","-","-","-","-","-","-","-","-","-","-","-","-","-","-","-","-","-","-","-","-","-","-","-","-","-","-","-","-","-","-","-","-","-","-","-","-","-","-","-","-","-","-","-","-","-","-","-","-","-","-","-","-","-","-","-","-","-","-","-","-","-","-","-","-","-","-","-","-","-","-","-","-","-","-","-","-","-","-","-","-","-","0.000","0.000","0.000","0.000","8.950","0.000","6.700","5.150","6.180","6.260","7.030","7.200","5.670","6.180","6.160","6.020","6.010","6.240","6.040","5.920","5.260","4.880","4.580","4.520","5.240","5.420","5.680","5.900","6.020","6.360","6.560","6.640","6.800","6.800"
"Earnings Power Value (EPV)","-","-","-","-","-","-","-","-","-","-","-","-","-","-","-","-","-","0.000","0.000","0.000","0.000","0.000","0.000","0.000","0.000","0.000","-0.060","1.460","0.000","0.000","0.000","","-","-","-","-","-","-","-","-","-","-","-","-","-","-","-","-","-","-","-","-","-","-","-","-","-","-","-","-","-","-","-","-","-","-","-","-","-","-","-","-","-","-","-","-","-","-","-","-","-","-","-","-","-","-","-","-","-","-","-","-","-","-","-","-","-","-","-","-","-","-","-","-","-","-","-","-","-","-","-","-","-","-","-","-","-","-","0.000","0.000","0.000","0.000","0.000","0.000","0.000","0.000","0.000","0.000","0.000","0.000","0.000","0.000","0.000","0.000","0.000","0.000","0.000","4.280","-0.060","1.040","1.100","1.170","1.460","0.000","0.000","0.000","0.000","0.000","0.000","0.000","0.000","0.000"
"Altman Z-Score","-","-","-","-","-","-","-","-","-","-","-","-","-","-","-","-","-","0.000","0.000","0.000","0.000","0.000","0.000","0.000","0.000","0.000","0.000","0.000","0.000","0.000","0.000","","-","-","-","-","-","-","-","-","-","-","-","-","-","-","-","-","-","-","-","-","-","-","-","-","-","-","-","-","-","-","-","-","-","-","-","-","-","-","-","-","-","-","-","-","-","-","-","-","-","-","-","-","-","-","-","-","-","-","-","-","-","-","-","-","-","-","-","-","-","-","-","-","-","-","-","-","-","-","-","-","-","-","-","-","-","-","0.000","0.000","0.000","0.000","0.000","0.000","0.000","0.000","0.000","0.000","0.000","0.000","0.000","0.000","0.000","0.000","0.000","0.000","0.000","0.000","0.000","0.000","0.000","0.000","0.000","0.000","0.000","0.000","0.000","0.000","0.000","0.000","0.000","0.000"
"Piotroski F-Score","-","-","-","-","-","-","-","-","-","-","-","-","-","-","-","-","-","0.000","0.000","0.000","0.000","5.000","3.000","0.000","0.000","0.000","0.000","0.000","0.000","0.000","0.000","","-","-","-","-","-","-","-","-","-","-","-","-","-","-","-","-","-","-","-","-","-","-","-","-","-","-","-","-","-","-","-","-","-","-","-","-","-","-","-","-","-","-","-","-","-","-","-","-","-","-","-","-","-","-","-","-","-","-","-","-","-","-","-","-","-","-","-","-","-","-","-","-","-","-","-","-","-","-","-","-","-","-","-","-","-","-","0.000","0.000","0.000","0.000","5.000","0.000","3.000","0.000","0.000","0.000","0.000","0.000","0.000","4.000","0.000","0.000","0.000","0.000","0.000","0.000","0.000","0.000","0.000","0.000","0.000","0.000","0.000","0.000","0.000","0.000","0.000","0.000","0.000","0.000"
"Beneish M-Score","-","-","-","-","-","-","-","-","-","-","-","-","-","-","-","-","-","0.000","0.000","0.000","0.000","0.000","0.000","0.000","0.000","-2.450","-2.460","-2.310","-2.390","-2.560","-2.540","","-","-","-","-","-","-","-","-","-","-","-","-","-","-","-","-","-","-","-","-","-","-","-","-","-","-","-","-","-","-","-","-","-","-","-","-","-","-","-","-","-","-","-","-","-","-","-","-","-","-","-","-","-","-","-","-","-","-","-","-","-","-","-","-","-","-","-","-","-","-","-","-","-","-","-","-","-","-","-","-","-","-","-","-","-","-","0.000","0.000","0.000","0.000","0.000","0.000","0.000","0.000","0.000","0.000","0.000","0.000","0.000","0.000","-3.180","-3.080","-2.450","-2.360","-2.450","-2.400","-2.460","-2.640","-2.500","-2.450","-2.310","-2.330","-2.330","-2.450","-2.390","-2.340","-2.410","-2.380","-2.560","-2.540"
"Scaled Net Operating Assets","-","-","-","-","-","-","-","-","-","-","-","-","-","-","-","-","-","0.004","-0.024","-0.095","-0.011","0.005","0.013","0.039","0.057","0.061","0.071","0.096","0.095","0.074","0.057","","-","-","-","-","-","-","-","-","-","-","-","-","-","-","-","-","-","-","-","-","-","-","-","-","-","-","-","-","-","-","-","-","-","-","-","-","-","-","-","-","-","-","-","-","-","-","-","-","-","-","-","-","-","-","-","-","-","-","-","-","-","-","-","-","-","-","-","-","-","-","-","-","-","-","-","-","-","-","-","-","-","-","-","-","-","-","0.004","-0.024","-0.095","-0.011","0.005","0.000","0.000","0.004","0.038","-0.037","-0.004","0.002","0.053","0.022","0.040","0.044","0.055","0.074","0.057","0.074","0.067","0.051","0.073","0.092","0.084","0.068","0.078","0.070","0.090","0.079","0.085","0.072","0.071","0.057"
"Sloan Ratio %","-","-","-","-","-","-","-","-","-","-","-","-","-","-","-","-","-","4.240","-0.740","-5.880","4.230","-0.460","2.160","-0.430","3.070","0.770","2.020","2.890","1.230","-1.210","-0.940","","-","-","-","-","-","-","-","-","-","-","-","-","-","-","-","-","-","-","-","-","-","-","-","-","-","-","-","-","-","-","-","-","-","-","-","-","-","-","-","-","-","-","-","-","-","-","-","-","-","-","-","-","-","-","-","-","-","-","-","-","-","-","-","-","-","-","-","-","-","-","-","-","-","-","-","-","-","-","-","-","-","-","-","-","-","-","0.000","0.000","0.000","0.000","0.000","0.000","1.070","2.220","2.020","2.090","4.320","4.540","3.070","0.940","0.010","-0.730","0.770","3.950","1.330","2.760","2.020","-1.180","2.410","2.540","2.890","2.000","1.590","-1.180","1.230","1.780","1.220","1.780","-1.210","-0.940"
"Current Ratio","-","-","-","-","-","-","-","-","-","-","-","-","-","-","-","-","-","0.000","0.000","0.000","0.000","0.000","0.000","0.000","0.000","0.000","0.000","0.000","0.000","0.000","0.000","","-","-","-","-","-","-","-","-","-","-","-","-","-","-","-","-","-","-","-","-","-","-","-","-","-","-","-","-","-","-","-","-","-","-","-","-","-","-","-","-","-","-","-","-","-","-","-","-","-","-","-","-","-","-","-","-","-","-","-","-","-","-","-","-","-","-","-","-","-","-","-","-","-","-","-","-","-","-","-","-","-","-","-","-","-","-","0.000","0.000","0.000","0.000","0.000","0.000","0.000","0.000","0.000","0.000","0.000","0.000","0.000","0.000","0.000","0.000","0.000","0.000","0.000","0.000","0.000","0.000","0.000","0.000","0.000","0.000","0.000","0.000","0.000","0.000","0.000","0.000","0.000","0.000"
"Quick Ratio","-","-","-","-","-","-","-","-","-","-","-","-","-","-","-","-","-","0.000","0.000","0.000","0.000","0.000","0.000","0.000","0.000","0.000","0.000","0.000","0.000","0.000","0.000","","-","-","-","-","-","-","-","-","-","-","-","-","-","-","-","-","-","-","-","-","-","-","-","-","-","-","-","-","-","-","-","-","-","-","-","-","-","-","-","-","-","-","-","-","-","-","-","-","-","-","-","-","-","-","-","-","-","-","-","-","-","-","-","-","-","-","-","-","-","-","-","-","-","-","-","-","-","-","-","-","-","-","-","-","-","-","0.000","0.000","0.000","0.000","0.000","0.000","0.000","0.000","0.000","0.000","0.000","0.000","0.000","0.000","0.000","0.000","0.000","0.000","0.000","0.000","0.000","0.000","0.000","0.000","0.000","0.000","0.000","0.000","0.000","0.000","0.000","0.000","0.000","0.000"
"Interest Coverage","","","","","","","","","","","","","","","","","","0.000","0.000","0.000","0.000","0.000","0.000","0.000","0.000","0.000","0.000","0.000","0.000","0.000","","","-","-","-","-","-","-","-","-","-","-","-","-","-","-","-","-","-","-","-","-","-","-","-","-","-","-","-","-","-","-","-","-","-","-","-","-","-","-","-","-","-","-","-","-","-","-","-","-","-","-","-","-","-","-","-","-","-","-","-","-","-","-","-","-","-","-","-","-","-","-","-","-","-","-","-","-","-","-","-","-","-","-","-","-","-","-","N/A","N/A","N/A","N/A","N/A","0.000","N/A","0.000","N/A","0.000","0.000","0.000","0.000","0.000","0.000","0.000","0.000","0.000","0.000","0.000","0.000","0.000","0.000","0.000","0.000","0.000","0.000","0.000","0.000","0.000","0.000","0.000","0.000","0.000"
"Highest Stock Price","-","-","-","-","-","-","-","-","-","-","-","-","-","-","-","-","-","2.880","3.980","5.800","3.950","6.640","8.900","7.570","7.950","8.560","7.400","5.570","5.080","7.080","7.390","","-","-","-","-","-","-","-","-","-","-","-","-","-","-","-","-","-","-","-","-","-","-","-","-","-","-","-","-","-","-","-","-","-","-","-","-","-","-","-","-","-","-","-","-","-","-","-","-","-","-","-","-","-","-","-","-","-","-","-","-","-","-","-","-","-","-","-","-","-","-","-","-","-","-","-","-","-","-","-","-","-","-","-","-","-","-","2.880","3.980","5.800","3.950","6.640","7.140","8.900","9.000","7.570","7.690","7.810","7.950","7.780","7.690","8.650","8.560","7.730","7.620","7.530","7.400","7.170","6.220","6.300","5.570","5.060","4.880","4.970","4.920","5.080","5.650","6.760","7.080","6.550","7.300"
"Lowest Stock Price","-","-","-","-","-","-","-","-","-","-","-","-","-","-","-","-","-","0.000","0.000","0.000","2.600","2.780","2.780","6.110","6.850","6.980","5.330","4.400","3.940","4.510","5.880","","-","-","-","-","-","-","-","-","-","-","-","-","-","-","-","-","-","-","-","-","-","-","-","-","-","-","-","-","-","-","-","-","-","-","-","-","-","-","-","-","-","-","-","-","-","-","-","-","-","-","-","-","-","-","-","-","-","-","-","-","-","-","-","-","-","-","-","-","-","-","-","-","-","-","-","-","-","-","-","-","-","-","-","-","-","-","2.600","3.300","5.150","2.780","5.560","6.110","7.890","7.880","6.680","6.850","7.150","7.280","7.470","6.980","7.580","7.110","7.380","6.840","7.160","6.810","5.330","5.180","5.240","4.460","4.400","3.940","4.200","4.080","4.510","4.510","5.380","6.270","5.920","6.500"
"Shares Buyback Ratio %","-","-","-","-","-","-","-","-","-","-","-","-","-","-","-","-","-","0.000","-13.210","-5.960","-6.040","1.290","-5.230","0.000","0.000","-3.990","-8.980","-1.230","-4.000","-4.030","-1.920","","-","-","-","-","-","-","-","-","-","-","-","-","-","-","-","-","-","-","-","-","-","-","-","-","-","-","-","-","-","-","-","-","-","-","-","-","-","-","-","-","-","-","-","-","-","-","-","-","-","-","-","-","-","-","-","-","-","-","-","-","-","-","-","-","-","-","-","-","-","-","-","-","-","-","-","-","-","-","-","-","-","-","-","-","-","-","0.000","-13.210","-5.960","-6.040","1.290","0.000","-5.230","0.000","0.000","0.000","0.000","0.000","0.000","0.000","-1.430","-2.520","0.000","-4.890","-2.500","-1.380","0.000","0.000","-0.540","-0.680","0.000","0.000","-1.710","-2.250","0.000","-2.070","0.000","-1.920","0.000","0.000"
"YoY Rev. per Sh. Growth","-","-","-","-","-","-","-","-","-","-","-","-","-","-","-","-","-","0.000","20.360","33.630","-15.250","29.690","10.710","-3.040","13.740","2.480","-9.260","6.820","1.220","6.250","0.850","","-","-","-","-","-","-","-","-","-","-","-","-","-","-","-","-","-","-","-","-","-","-","-","-","-","-","-","-","-","-","-","-","-","-","-","-","-","-","-","-","-","-","-","-","-","-","-","-","-","-","-","-","-","-","-","-","-","-","-","-","-","-","-","-","-","-","-","-","-","-","-","-","-","-","-","-","-","-","-","-","-","-","-","-","-","-","0.000","0.000","0.000","0.000","0.000","0.000","0.000","0.000","0.000","10.890","0.000","28.650","0.000","5.250","1.790","-4.200","6.860","-5.860","-9.890","-7.890","-12.840","0.460","10.490","7.620","9.030","0.230","-1.990","1.990","4.360","11.670","7.430","5.640","-0.210","-8.610"
"YoY EPS Growth","-","-","-","-","-","-","-","-","-","-","-","-","-","-","-","-","-","0.000","59.600","73.860","-31.030","37.720","23.120","10.610","7.930","2.560","-37.500","-10.400","22.020","20.980","12.950","","-","-","-","-","-","-","-","-","-","-","-","-","-","-","-","-","-","-","-","-","-","-","-","-","-","-","-","-","-","-","-","-","-","-","-","-","-","-","-","-","-","-","-","-","-","-","-","-","-","-","-","-","-","-","-","-","-","-","-","-","-","-","-","-","-","-","-","-","-","-","-","-","-","-","-","-","-","-","-","-","-","-","-","-","-","-","0.000","0.000","0.000","0.000","157.060","-75.470","-100.000","-78.720","38.270","15.250","0.000","25.200","-73.060","37.500","-6.040","-9.740","-7.530","-29.410","-18.570","-23.740","-82.960","-47.730","-34.210","-10.380","321.740","37.680","34.670","23.160","0.000","40.000","21.780","6.840","19.590","6.770"
"YoY EBITDA Growth","","","","","","","","","","","","","","","","","","0.000","0.000","0.000","0.000","0.000","0.000","0.000","0.000","0.000","0.000","0.000","0.000","0.000","","","","","","","","","","","","","","","","","","","","","","","","","","","","","","","","","","","","","","","","","","","","","","","","","","","","","","","","","","","","","","","","","","","","","","","","","","","","","","","","","","","","","","","","","","","","","","0.000","","0.000","","0.000","0.000","0.000","0.000","0.000","0.000","0.000","0.000","0.000","0.000","0.000","0.000","0.000","0.000","0.000","0.000","0.000","0.000","0.000","0.000","0.000","0.000","0.000","0.000","0.000"
"5-Year EBITDA Growth Rate","-","-","-","-","-","-","-","-","-","-","-","-","-","-","-","-","-","0.000","0.000","0.000","0.000","30.300","0.970","-16.960","0.000","0.000","0.000","-9.440","7.690","0.000","0.000","","-","-","-","-","-","-","-","-","-","-","-","-","-","-","-","-","-","-","-","-","-","-","-","-","-","-","-","-","-","-","-","-","-","-","-","-","-","-","-","-","-","-","-","-","-","-","-","-","-","-","-","-","-","-","-","-","-","-","-","-","-","-","-","-","-","-","-","-","-","-","-","-","-","-","-","-","-","-","-","-","-","-","-","-","-","-","0.000","0.000","0.000","0.000","30.300","0.000","0.970","0.000","-16.960","0.000","0.000","0.000","0.000","0.000","0.000","0.000","0.000","0.000","0.000","0.000","0.000","0.000","0.000","0.000","-9.440","27.500","21.070","14.490","7.690","1.010","-4.760","-6.860","0.000","0.000"
"Shares Outstanding (Basic Average)","-","-","-","-","-","-","-","-","-","-","-","-","-","-","-","-","-","5,430.030","6,173.300","6,660.576","6,751.796","7,059.934","7,186.034","7,432.772","7,432.772","7,570.924","8,288.256","8,475.522","8,689.362","9,016.943","9,225.543","","-","-","-","-","-","-","-","-","-","-","-","-","-","-","-","-","-","-","-","-","-","-","-","-","-","-","-","-","-","-","-","-","-","-","-","-","-","-","-","-","-","-","-","-","-","-","-","-","-","-","-","-","-","-","-","-","-","-","-","-","-","-","-","-","-","-","-","-","-","-","-","-","-","-","-","-","-","-","-","-","-","-","-","-","-","-","5,430.030","6,173.300","6,660.576","6,751.796","7,059.934","7,063.530","7,186.034","7,432.772","7,432.772","7,432.772","7,432.772","7,432.772","7,432.772","7,432.771","7,539.398","7,615.847","7,693.669","8,107.119","8,309.429","8,336.518","8,397.438","8,423.746","8,469.467","8,489.787","8,518.362","8,527.267","8,673.474","8,728.856","8,826.912","8,868.379","8,995.574","9,052.106","9,149.693","9,225.543"
"Shares Outstanding (EOP)","-","-","-","-","-","-","-","-","-","-","-","-","-","-","-","-","-","5,625.784","6,368.860","6,748.360","7,156.160","7,063.530","7,432.780","7,432.780","7,432.770","7,729.340","8,423.750","8,527.270","8,868.380","9,225.540","9,365.790","","-","-","-","-","-","-","-","-","-","-","-","-","-","-","-","-","-","-","-","-","-","-","-","-","-","-","-","-","-","-","-","-","-","-","-","-","-","-","-","-","-","-","-","-","-","-","-","-","-","-","-","-","-","-","-","-","-","-","-","-","-","-","-","-","-","-","-","-","-","-","-","-","-","-","-","-","-","-","-","-","-","-","-","-","-","-","5,625.784","6,368.860","6,748.360","7,156.160","7,063.530","7,063.530","7,432.780","7,432.772","7,432.780","7,432.780","7,432.780","7,432.780","7,432.770","7,432.771","7,539.398","7,729.340","7,729.340","8,107.119","8,309.429","8,423.750","8,423.750","8,423.746","8,469.467","8,527.270","8,527.270","8,527.267","8,673.474","8,868.380","8,868.380","9,052.110","9,052.110","9,225.540","9,225.540","9,225.543"
"Beta","-","-","-","-","-","-","-","-","-","-","-","-","-","-","-","-","-","1.360","1.020","1.250","1.280","1.380","1.350","1.460","1.330","1.430","1.630","1.570","1.730","0.000","1.900","","-","-","-","-","-","-","-","-","-","-","-","-","-","-","-","-","-","-","-","-","-","-","-","-","-","-","-","-","-","-","-","-","-","-","-","-","-","-","-","-","-","-","-","-","-","-","-","-","-","-","-","-","-","-","-","-","-","-","-","-","-","-","-","-","-","-","-","-","-","-","-","-","-","-","-","-","-","-","-","-","-","-","-","-","-","-","1.360","1.020","1.250","1.280","1.380","1.340","1.350","1.400","1.460","1.550","1.700","1.530","1.330","1.310","1.380","1.420","1.430","1.500","1.500","1.490","1.630","1.610","1.530","1.370","1.570","1.650","1.540","1.520","1.730","1.910","1.900","1.970","0.000","0.000"
"Filing Date","-","-","-","-","-","-","-","-","-","-","-","-","-","-","-","-","-","12/31/06","","","","","03/31/11","03/26/12","03/25/13","03/24/14","03/09/15","03/21/16","03/30/17","03/26/18","","","-","-","-","-","-","-","-","-","-","-","-","-","-","-","-","-","-","-","-","-","-","-","-","-","-","-","-","-","-","-","-","-","-","-","-","-","-","-","-","-","-","-","-","-","-","-","-","-","-","-","-","-","-","-","-","-","-","-","-","-","-","-","-","-","-","-","-","-","-","-","-","-","-","-","-","-","-","-","-","-","-","-","-","-","-","-","12/31/06","","","","","05/25/11","03/31/11","05/25/11","03/26/12","","","","03/25/13","05/21/13","08/26/13","11/18/13","03/24/14","05/22/14","08/29/14","11/18/14","03/09/15","05/20/15","08/28/15","11/25/15","03/21/16","05/26/16","08/29/16","11/16/16","03/30/17","05/24/17","08/28/17","11/28/17","03/26/18","05/30/18"
"Restated Filing Date","-","-","-","-","-","-","-","-","-","-","-","-","-","-","-","-","-","12/31/06","12/31/07","12/31/08","12/31/09","03/31/11","03/25/13","03/25/13","03/24/14","03/09/15","03/21/16","03/30/17","03/26/18","03/26/18","","","-","-","-","-","-","-","-","-","-","-","-","-","-","-","-","-","-","-","-","-","-","-","-","-","-","-","-","-","-","-","-","-","-","-","-","-","-","-","-","-","-","-","-","-","-","-","-","-","-","-","-","-","-","-","-","-","-","-","-","-","-","-","-","-","-","-","-","-","-","-","-","-","-","-","-","-","-","-","-","-","-","-","-","-","-","-","12/31/06","12/31/07","12/31/08","12/31/09","03/31/11","05/25/11","03/25/13","05/25/11","03/25/13","05/21/13","08/26/13","11/18/13","03/24/14","05/22/14","08/29/14","11/18/14","03/09/15","05/20/15","08/28/15","11/25/15","03/21/16","05/26/16","08/29/16","11/16/16","03/30/17","05/24/17","08/28/17","11/28/17","03/26/18","05/30/18","08/28/17","11/28/17","03/26/18","05/30/18"
"Number of Shareholders","-","-","-","-","-","-","-","-","-","-","-","-","-","-","-","-","-","0.000","0.000","0.000","0.000","0.000","0.000","0.000","0.000","0.000","0.000","0.000","0.000","0.000","0.000","","-","-","-","-","-","-","-","-","-","-","-","-","-","-","-","-","-","-","-","-","-","-","-","-","-","-","-","-","-","-","-","-","-","-","-","-","-","-","-","-","-","-","-","-","-","-","-","-","-","-","-","-","-","-","-","-","-","-","-","-","-","-","-","-","-","-","-","-","-","-","-","-","-","-","-","-","-","-","-","-","-","-","-","-","-","-","0.000","0.000","0.000","0.000","0.000","0.000","0.000","0.000","0.000","0.000","0.000","0.000","0.000","0.000","0.000","0.000","0.000","0.000","0.000","0.000","0.000","0.000","0.000","0.000","0.000","0.000","0.000","0.000","0.000","0.000","0.000","0.000","0.000","0.000"
"Number of Employees","-","-","-","-","-","-","-","-","-","-","-","-","-","-","-","-","-","0.000","0.000","0.000","0.000","0.000","0.000","40,244.000","41,993.000","40,804.000","41,669.000","40,545.000","38,952.000","0.000","0.000","","-","-","-","-","-","-","-","-","-","-","-","-","-","-","-","-","-","-","-","-","-","-","-","-","-","-","-","-","-","-","-","-","-","-","-","-","-","-","-","-","-","-","-","-","-","-","-","-","-","-","-","-","-","-","-","-","-","-","-","-","-","-","-","-","-","-","-","-","-","-","-","-","-","-","-","-","-","-","-","-","-","-","-","-","-","-","0.000","0.000","0.000","0.000","0.000","0.000","0.000","0.000","40,244.000","0.000","0.000","40,244.000","41,993.000","0.000","0.000","0.000","40,804.000","0.000","0.000","0.000","41,669.000","0.000","0.000","0.000","40,545.000","0.000","0.000","0.000","38,952.000","0.000","0.000","0.000","0.000","0.000"
"Insider Shares Owned","","","","","","","","","","","","","","","","","","0.000","0.000","0.000","0.000","0.000","0.000","0.000","0.000","0.000","0.000","0.000","0.000","0.000","","","","","","","","","","","","","","","","","","","","","","","","","","","","","","","","","","","","","","","","","","","","","","","","","","","","","","","","","","","","","","","","","","","","","","","","","","","","","","","","","","","","","","","","","","","","","","0.000","","0.000","","0.000","0.000","0.000","0.000","0.000","0.000","0.000","0.000","0.000","0.000","0.000","0.000","0.000","0.000","0.000","0.000","0.000","0.000","0.000","0.000","0.000","0.000","0.000","0.000","0.000"
"Institution Shares Held","","","","","","","","","","","","","","","","","","0.000","0.000","0.000","0.000","0.000","0.000","0.000","0.000","0.000","0.000","0.000","0.000","0.000","","","","","","","","","","","","","","","","","","","","","","","","","","","","","","","","","","","","","","","","","","","","","","","","","","","","","","","","","","","","","","","","","","","","","","","","","","","","","","","","","","","","","","","","","","","","","","0.000","","0.000","","0.000","0.000","0.000","0.000","0.000","0.000","0.000","0.000","0.000","0.000","0.000","0.000","0.000","0.000","0.000","0.000","0.000","0.000","0.000","0.000","0.000","0.000","0.000","0.000","0.000"
"Insider Ownership %","","","","","","","","","","","","","","","","","","0.000","0.000","0.000","0.000","0.000","0.000","0.000","0.000","0.000","0.000","0.000","0.000","0.000","","","","","","","","","","","","","","","","","","","","","","","","","","","","","","","","","","","","","","","","","","","","","","","","","","","","","","","","","","","","","","","","","","","","","","","","","","","","","","","","","","","","","","","","","","","","","","0.000","","0.000","","0.000","0.000","0.000","0.000","0.000","0.000","0.000","0.000","0.000","0.000","0.000","0.000","0.000","0.000","0.000","0.000","0.000","0.000","0.000","0.000","0.000","0.000","0.000","0.000","0.000"
"Institutional Ownership %","","","","","","","","","","","","","","","","","","0.000","0.000","0.000","0.000","0.000","0.000","0.000","0.000","0.000","0.000","0.000","0.000","0.000","","","","","","","","","","","","","","","","","","","","","","","","","","","","","","","","","","","","","","","","","","","","","","","","","","","","","","","","","","","","","","","","","","","","","","","","","","","","","","","","","","","","","","","","","","","","","","0.000","","0.000","","0.000","0.000","0.000","0.000","0.000","0.000","0.000","0.000","0.000","0.000","0.000","0.000","0.000","0.000","0.000","0.000","0.000","0.000","0.000","0.000","0.000","0.000","0.000","0.000","0.000"
"Price-to-Net-Current-Asset-Value","","","","","","","","","","","","","","","","","","0.000","0.000","0.000","0.000","0.000","0.000","0.000","0.000","0.000","0.000","0.000","0.000","0.000","","","","","","","","","","","","","","","","","","","","","","","","","","","","","","","","","","","","","","","","","","","","","","","","","","","","","","","","","","","","","","","","","","","","","","","","","","","","","","","","","","","","","","","","","","","","","","0.000","","0.000","","0.000","0.000","0.000","0.000","0.000","0.000","0.000","0.000","0.000","0.000","0.000","0.000","0.000","0.000","0.000","0.000","0.000","0.000","0.000","0.000","0.000","0.000","0.000","0.000","0.000"
"Price-to-Net-Net-Working-Capital","","","","","","","","","","","","","","","","","","0.000","0.000","0.000","0.000","0.000","0.000","0.000","0.000","0.000","0.000","0.000","0.000","0.000","","","","","","","","","","","","","","","","","","","","","","","","","","","","","","","","","","","","","","","","","","","","","","","","","","","","","","","","","","","","","","","","","","","","","","","","","","","","","","","","","","","","","","","","","","","","","","0.000","","0.000","","0.000","0.000","0.000","0.000","0.000","0.000","0.000","0.000","0.000","0.000","0.000","0.000","0.000","0.000","0.000","0.000","0.000","0.000","0.000","0.000","0.000","0.000","0.000","0.000","0.000"
"Price-to-Graham-Number","-","-","-","-","-","-","-","-","-","-","-","-","-","-","-","-","-","1.220","1.620","1.420","1.010","1.720","1.890","1.450","1.340","1.270","1.060","0.870","0.750","0.960","0.930","","-","-","-","-","-","-","-","-","-","-","-","-","-","-","-","-","-","-","-","-","-","-","-","-","-","-","-","-","-","-","-","-","-","-","-","-","-","-","-","-","-","-","-","-","-","-","-","-","-","-","-","-","-","-","-","-","-","-","-","-","-","-","-","-","-","-","-","-","-","-","-","-","-","-","-","-","-","-","-","-","-","-","-","-","-","-","0.000","0.000","0.000","0.000","0.720","0.000","1.270","1.590","1.200","1.230","1.080","1.040","1.350","1.230","1.340","1.250","1.270","1.150","1.210","1.190","1.060","1.270","1.190","0.990","0.870","0.890","0.770","0.800","0.750","0.880","1.000","0.950","0.960","1.060"
"Price-to-Intrinsic-Value-DCF (Earnings Based)","","","","","","","","","","","","","","","","","","0.000","0.000","0.000","0.000","0.000","0.000","0.000","0.000","0.000","0.000","0.000","0.000","0.000","","","","","","","","","","","","","","","","","","","","","","","","","","","","","","","","","","","","","","","","","","","","","","","","","","","","","","","","","","","","","","","","","","","","","","","","","","","","","","","","","","","","","","","","","","","","","","0.000","","0.000","","0.000","0.000","0.000","0.000","0.000","0.000","0.000","0.000","0.000","0.000","0.000","0.000","0.000","0.000","0.000","0.000","0.000","0.000","0.000","0.000","0.000","0.000","0.000","0.000","0.000"
"Price-to-Intrinsic-Value-DCF (FCF Based)","","","","","","","","","","","","","","","","","","0.000","0.000","0.000","0.000","0.000","0.000","0.000","0.000","0.000","0.000","0.000","0.000","0.000","","","","","","","","","","","","","","","","","","","","","","","","","","","","","","","","","","","","","","","","","","","","","","","","","","","","","","","","","","","","","","","","","","","","","","","","","","","","","","","","","","","","","","","","","","","","","","0.000","","0.000","","0.000","0.000","0.000","0.000","0.000","0.000","0.000","0.000","0.000","0.000","0.000","0.000","0.000","0.000","0.000","0.000","0.000","0.000","0.000","0.000","0.000","0.000","0.000","0.000","0.000"
"Price-to-Earnings-Power-Value","-","-","-","-","-","-","-","-","-","-","-","-","-","-","-","-","-","0.000","0.000","0.000","0.000","0.000","0.000","0.000","0.000","0.000","0.000","3.110","0.000","0.000","","","-","-","-","-","-","-","-","-","-","-","-","-","-","-","-","-","-","-","-","-","-","-","-","-","-","-","-","-","-","-","-","-","-","-","-","-","-","-","-","-","-","-","-","-","-","-","-","-","-","-","-","-","-","-","-","-","-","-","-","-","-","-","-","-","-","-","-","-","-","-","-","-","-","-","-","-","-","-","-","-","-","-","-","-","-","-","0.000","0.000","0.000","0.000","0.000","0.000","0.000","0.000","0.000","0.000","0.000","0.000","0.000","0.000","0.000","0.000","0.000","0.000","0.000","1.640","0.000","5.980","4.970","3.810","3.110","0.000","0.000","0.000","0.000","0.000","0.000","0.000","0.000","0.000"
"Price-to-Intrinsic-Value-Projected-FCF","-","-","-","-","-","-","-","-","-","-","-","-","-","-","-","-","-","0.000","0.000","0.000","0.000","0.000","0.000","0.900","0.000","0.000","0.000","1.170","0.000","0.000","1.570","","-","-","-","-","-","-","-","-","-","-","-","-","-","-","-","-","-","-","-","-","-","-","-","-","-","-","-","-","-","-","-","-","-","-","-","-","-","-","-","-","-","-","-","-","-","-","-","-","-","-","-","-","-","-","-","-","-","-","-","-","-","-","-","-","-","-","-","-","-","-","-","-","-","-","-","-","-","-","-","-","-","-","-","-","-","-","0.000","0.000","0.000","0.000","0.000","0.000","0.000","0.000","0.000","0.000","0.000","0.000","0.000","0.000","0.000","0.000","0.000","0.000","0.000","0.000","0.000","0.000","0.000","2.350","1.170","1.260","1.110","1.170","0.000","0.000","0.000","0.000","0.000","0.000"
"Price-to-Peter-Lynch-Fair-Value","-","-","-","-","-","-","-","-","-","-","-","-","-","-","-","-","-","0.000","0.000","0.000","0.000","0.320","0.000","0.000","0.000","0.000","0.000","0.000","1.430","0.000","0.000","","-","-","-","-","-","-","-","-","-","-","-","-","-","-","-","-","-","-","-","-","-","-","-","-","-","-","-","-","-","-","-","-","-","-","-","-","-","-","-","-","-","-","-","-","-","-","-","-","-","-","-","-","-","-","-","-","-","-","-","-","-","-","-","-","-","-","-","-","-","-","-","-","-","-","-","-","-","-","-","-","-","-","-","-","-","-","0.000","0.000","0.000","0.000","0.000","0.000","0.000","0.000","0.000","0.000","0.000","0.000","0.000","0.000","0.000","0.000","0.000","0.000","0.000","0.000","0.000","0.000","0.000","0.000","0.000","0.540","0.530","0.790","1.430","0.000","0.000","0.000","0.000","0.000"
"Price-to-Median-PB-Value","-","-","-","-","-","-","-","-","-","-","-","-","-","-","-","-","-","1.030","1.300","1.470","0.760","1.380","1.680","1.320","1.240","1.210","0.780","0.590","0.550","0.780","0.750","","-","-","-","-","-","-","-","-","-","-","-","-","-","-","-","-","-","-","-","-","-","-","-","-","-","-","-","-","-","-","-","-","-","-","-","-","-","-","-","-","-","-","-","-","-","-","-","-","-","-","-","-","-","-","-","-","-","-","-","-","-","-","-","-","-","-","-","-","-","-","-","-","-","-","-","-","-","-","-","-","-","-","-","-","-","-","1.030","1.300","1.470","0.760","1.380","0.000","1.680","1.610","1.320","1.370","1.290","1.270","1.240","1.170","1.280","1.200","1.210","1.010","1.060","1.000","0.780","0.850","0.740","0.590","0.590","0.630","0.550","0.590","0.550","0.670","0.790","0.750","0.780","0.880"
"Price-to-Median-PS-Value","-","-","-","-","-","-","-","-","-","-","-","-","-","-","-","-","-","0.390","0.440","0.470","0.000","0.000","5.450","5.100","1.070","1.040","0.830","0.640","0.630","0.860","0.850","","-","-","-","-","-","-","-","-","-","-","-","-","-","-","-","-","-","-","-","-","-","-","-","-","-","-","-","-","-","-","-","-","-","-","-","-","-","-","-","-","-","-","-","-","-","-","-","-","-","-","-","-","-","-","-","-","-","-","-","-","-","-","-","-","-","-","-","-","-","-","-","-","-","-","-","-","-","-","-","-","-","-","-","-","-","-","0.000","0.000","0.000","0.000","0.000","4.510","5.450","5.620","5.100","4.450","2.160","1.390","1.070","1.050","1.140","1.040","1.040","0.990","1.040","1.020","0.830","0.930","0.800","0.640","0.640","0.680","0.620","0.660","0.630","0.750","0.880","0.830","0.860","0.960"
"Price-to-Net-Cash","","","","","","","","","","","","","","","","","","0.000","0.000","0.000","0.000","0.000","0.000","0.000","0.000","0.000","0.000","0.000","0.000","0.000","","","","","","","","","","","","","","","","","","","","","","","","","","","","","","","","","","","","","","","","","","","","","","","","","","","","","","","","","","","","","","","","","","","","","","","","","","","","","","","","","","","","","","","","","","","","","","0.000","","0.000","","0.000","0.000","0.000","0.000","0.000","0.000","0.000","0.000","0.000","0.000","0.000","0.000","0.000","0.000","0.000","0.000","0.000","0.000","0.000","0.000","0.000","0.000","0.000","0.000","0.000"
