Downloaded from http://www.GuruFocus.com on 2018-06-7 at 22:29(CST), Thursday
Filename: XKLS:1015.csv
Change log: For latest financial page display change  please click GuruFocus 30-Y Financials Page Item Changes.  Jan. 4  2017: Add 'Dividend Yield %' under 'Shiller PE Ratio' in 'Valuation Ratios' section.   Sep. 26  2016: Add 'Scaled Net Operating Assets' under 'Beneish M-Score' in 'Valuation and Quality' section.   Aug. 10  2016: Change 'LT Debt to Total Asset' to 'Total Debt to Total Asset'.   Jul. 29  2016: Add 'Effective Interest Rate on Debt %' below 'Weighted Average Cost Of Capital (WACC) %'.   Jul. 18  2016: Change 'Long-Term Debt' name to 'Long-Term Debt & Capital Lease Obligation'. Add 'Long-Term Debt' above 'Long-Term Debt & Capital Lease Obligation'. Move 'Capital Lease Obligation' in between 'Long-Term Debt' and 'Long-Term Debt & Capital Lease Obligation'.  May. 19  2016: Change 'Gross Margin %' to 'Net Interest Margin (Bank Only) %' for banks and insuance companies.   May. 13  2016: Add 'Current Ratio' below 'Sloan Ratio'. Add 'Quick Ratio' below 'Current Ratio'. Add 'Gross Profit to Total Asset' below 'LT Debt to Total Asset'.  Apr. 15  2016: Add 'Owner Earnings per Share (ttm)' below 'eps without NRI'. Add 'Price to Owner Earnings (ttm)' below 'PE Ratio (ttm)'.   Feb 12  2016: Change 'Filing Date' name to 'Restated Filing Date'. Add new 'Filing Date' above 'Restated Filing Date'. Remove 'Cumulative Effect Of Accounting Change' from Cashflow Statement (under Net Income).   Jan 28  2016: Add 'Total Debt per share' below 'Tangible Book per share'.   Jan 20  2016: Add 'Price-to-Operating-Cash-Flow ratio' below 'Price-to-Free-Cash-Flow ratio'.   Jan 18  2016: Add 'Net-Net Working Capital (per share)' below 'Net Current Asset Value (per share)'.  

XKLS:1015,AMMB Holdings Bhd,Malaysia,Financial Services,Banks,Banks - Regional - AsiaBanks - Regional - Asia
Key Statistics:
"Price","3.85"
"Market Cap (Million)","11423.761"
"Shares Outstanding (Million)","3014.18"
"PE Ratio","9.97"
"PB Ratio","0.69"
"PS Ratio","2.41"

Growth Rates:
"Annual Rates (per share)","10 yrs","5 yrs","12 months"
"Revenue Growth (%)","3.20","-4.90","4.50"
"EBITDA  Growth (%)","0.00","0.00","0.00"
"Free Cash Flow Growth (%)","0.00","0.00","0.00"
"Book Value Growth (%)","7.90","7.90","3.30"

30 Year Financials of XKLS:1015 - AMMB Holdings Bhd

All Numbers are in Millions except per share data and ratios; All shares outstanding data and per share data are split adjusted

Annual Data:,,,,,,,,,,,,,,,,,,,,,,,,,,,,,,,,,Quarterly Data:
"Fiscal Period","198903","199003","199103","199203","199303","199403","199503","199603","199703","199803","199903","200003","200103","200203","200303","200403","200503","200603","200703","200803","200903","201003","201103","201203","201303","201403","201503","201603","201703","201803","TTM/current",",","198406","198409","198412","198503","198506","198509","198512","198603","198606","198609","198612","198703","198706","198709","198712","198803","198806","198809","198812","198903","198906","198909","198912","199003","199006","199009","199012","199103","199106","199109","199112","199203","199206","199209","199212","199303","199306","199309","199312","199403","199406","199409","199412","199503","199506","199509","199512","199603","199606","199609","199612","199703","199706","199709","199712","199803","199806","199809","199812","199903","199906","199909","199912","200003","200006","200009","200012","200103","200106","200109","200112","200203","200206","200209","200212","200303","200306","200309","200312","200403","200406","200409","200412","200503","200603","200703","200803","200903","201003","201009","201012","201103","201106","201109","201112","201203","201206","201209","201212","201303","201306","201309","201312","201403","201406","201409","201412","201503","201506","201509","201512","201603","201606","201609","201612","201703","201706","201709","201712","201803"
"Revenue per Share","-","-","-","-","-","-","-","-","-","-","-","-","-","-","-","-","1.291","1.241","1.264","1.399","1.075","1.187","1.298","1.688","1.820","2.020","1.733","1.529","1.504","1.571","1.572","","-","-","-","-","-","-","-","-","-","-","-","-","-","-","-","-","-","-","-","-","-","-","-","-","-","-","-","-","-","-","-","-","-","-","-","-","-","-","-","-","-","-","-","-","-","-","-","-","-","-","-","-","-","-","-","-","-","-","-","-","-","-","-","-","-","-","-","-","-","-","-","-","-","-","-","-","-","-","-","-","-","-","-","0.000","0.000","0.000","0.000","0.000","0.000","0.330","0.323","0.316","0.388","0.351","0.337","0.355","0.422","0.406","0.500","0.492","0.510","0.502","0.507","0.500","0.458","0.447","0.408","0.420","0.401","0.382","0.381","0.366","0.376","0.393","0.358","0.378","0.393","0.396","0.379","0.404"
"EBITDA per Share","-","-","-","-","-","-","-","-","-","-","-","-","-","-","-","-","0.000","0.000","0.000","0.000","0.000","0.000","0.000","0.000","0.000","0.000","0.000","0.000","0.000","0.000","0.000","","-","-","-","-","-","-","-","-","-","-","-","-","-","-","-","-","-","-","-","-","-","-","-","-","-","-","-","-","-","-","-","-","-","-","-","-","-","-","-","-","-","-","-","-","-","-","-","-","-","-","-","-","-","-","-","-","-","-","-","-","-","-","-","-","-","-","-","-","-","-","-","-","-","-","-","-","-","-","-","-","-","-","-","0.000","0.000","0.000","0.000","0.000","0.000","0.000","0.000","0.000","0.000","0.000","0.000","0.000","0.000","0.000","0.000","0.000","0.000","0.000","0.000","0.000","0.000","0.000","0.000","0.000","0.000","0.000","0.000","0.000","0.000","0.000","0.000","0.000","0.000","0.000","0.000","0.000"
"EBIT per Share","-","-","-","-","-","-","-","-","-","-","-","-","-","-","-","-","0.000","0.000","0.000","0.000","0.000","0.000","0.000","0.000","0.000","0.000","0.000","0.000","0.000","0.000","0.000","","-","-","-","-","-","-","-","-","-","-","-","-","-","-","-","-","-","-","-","-","-","-","-","-","-","-","-","-","-","-","-","-","-","-","-","-","-","-","-","-","-","-","-","-","-","-","-","-","-","-","-","-","-","-","-","-","-","-","-","-","-","-","-","-","-","-","-","-","-","-","-","-","-","-","-","-","-","-","-","-","-","-","-","0.000","0.000","0.000","0.000","0.000","0.000","0.000","0.000","0.000","0.000","0.000","0.000","0.000","0.000","0.000","0.000","0.000","0.000","0.000","0.000","0.000","0.000","0.000","0.000","0.000","0.000","0.000","0.000","0.000","0.000","0.000","0.000","0.000","0.000","0.000","0.000","0.000"
"Earnings per Share (Diluted)","-","-","-","-","-","-","-","-","-","-","-","-","-","-","-","-","0.102","0.182","-0.133","0.279","0.316","0.347","0.447","0.496","0.540","0.593","0.638","0.433","0.440","0.376","0.376","","-","-","-","-","-","-","-","-","-","-","-","-","-","-","-","-","-","-","-","-","-","-","-","-","-","-","-","-","-","-","-","-","-","-","-","-","-","-","-","-","-","-","-","-","-","-","-","-","-","-","-","-","-","-","-","-","-","-","-","-","-","-","-","-","-","-","-","-","-","-","-","-","-","-","-","-","-","-","-","-","-","-","-","183.102","0.185","-0.133","0.279","0.316","203.347","0.111","0.108","0.105","0.143","0.120","0.116","0.150","0.148","0.127","0.132","0.134","0.154","0.146","0.138","0.154","0.179","0.148","0.139","0.173","0.113","0.127","0.100","0.093","0.107","0.117","0.104","0.112","0.109","0.110","0.073","0.084"
"EPS without NRI","-","-","-","-","-","-","-","-","-","-","-","-","-","-","-","-","0.102","0.182","-0.133","0.279","0.316","0.347","0.447","0.496","0.540","0.593","0.638","0.433","0.440","0.376","0.376","","-","-","-","-","-","-","-","-","-","-","-","-","-","-","-","-","-","-","-","-","-","-","-","-","-","-","-","-","-","-","-","-","-","-","-","-","-","-","-","-","-","-","-","-","-","-","-","-","-","-","-","-","-","-","-","-","-","-","-","-","-","-","-","-","-","-","-","-","-","-","-","-","-","-","-","-","-","-","-","-","-","-","-","183.100","0.180","-0.120","0.280","0.320","203.350","0.111","0.108","0.105","0.143","0.120","0.116","0.150","0.148","0.127","0.132","0.134","0.154","0.146","0.138","0.154","0.179","0.148","0.139","0.173","0.113","0.127","0.100","0.093","0.107","0.117","0.104","0.112","0.109","0.110","0.073","0.084"
"Owner Earnings per Share (TTM)","-","-","-","-","-","-","-","-","-","-","-","-","-","-","-","-","0.000","0.000","0.000","0.000","0.000","0.000","0.000","0.000","0.000","0.641","0.482","0.489","-1.712","-2.009","-2.009","","-","-","-","-","-","-","-","-","-","-","-","-","-","-","-","-","-","-","-","-","-","-","-","-","-","-","-","-","-","-","-","-","-","-","-","-","-","-","-","-","-","-","-","-","-","-","-","-","-","-","-","-","-","-","-","-","-","-","-","-","-","-","-","-","-","-","-","-","-","-","-","-","-","-","-","-","-","-","-","-","-","-","-","0.000","0.000","0.000","0.000","0.000","0.000","0.000","0.000","0.000","0.000","0.000","0.000","0.000","0.000","0.000","0.000","0.000","0.000","0.000","2.256","0.641","-0.437","-1.772","-0.651","0.482","1.952","1.419","2.248","0.489","-1.283","-1.908","-3.154","-1.712","-0.771","0.647","2.713","-2.009"
"Free Cash Flow per Share","-","-","-","-","-","-","-","-","-","-","-","-","-","-","-","-","-0.424","0.335","0.356","-0.627","3.749","-1.293","0.288","-2.510","3.040","0.829","0.541","0.568","-1.662","-1.836","-1.836","","-","-","-","-","-","-","-","-","-","-","-","-","-","-","-","-","-","-","-","-","-","-","-","-","-","-","-","-","-","-","-","-","-","-","-","-","-","-","-","-","-","-","-","-","-","-","-","-","-","-","-","-","-","-","-","-","-","-","-","-","-","-","-","-","-","-","-","-","-","-","-","-","-","-","-","-","-","-","-","-","-","-","-","0.000","0.000","0.000","0.000","0.000","0.000","0.000","0.000","0.000","0.144","-2.120","-0.459","0.702","0.396","0.637","0.374","1.633","-0.052","1.391","-0.657","0.144","-1.191","0.031","0.437","1.268","0.239","-0.480","1.369","-0.559","-1.376","-1.067","-0.044","0.825","-0.340","0.379","1.983","-3.858"
"Operating Cash Flow per Share","-","-","-","-","-","-","-","-","-","-","-","-","-","-","-","-","-0.391","0.378","0.392","-0.594","3.783","-1.237","0.324","-2.468","3.098","0.905","0.595","0.649","-1.592","-1.794","-1.793","","-","-","-","-","-","-","-","-","-","-","-","-","-","-","-","-","-","-","-","-","-","-","-","-","-","-","-","-","-","-","-","-","-","-","-","-","-","-","-","-","-","-","-","-","-","-","-","-","-","-","-","-","-","-","-","-","-","-","-","-","-","-","-","-","-","-","-","-","-","-","-","-","-","-","-","-","-","-","-","-","-","-","-","0.000","0.000","0.000","0.000","0.000","0.000","0.000","0.000","0.000","0.150","-2.113","-0.450","0.708","0.399","0.654","0.392","1.653","-0.036","1.410","-0.628","0.158","-1.179","0.037","0.453","1.286","0.261","-0.458","1.388","-0.541","-1.362","-1.050","-0.030","0.849","-0.328","0.394","1.991","-3.850"
"Dividends per Share","-","-","-","-","-","-","-","-","-","-","-","-","-","-","-","-","0.038","0.038","0.048","0.049","0.060","0.080","0.165","0.186","0.205","0.222","0.289","0.203","0.155","0.176","0.176","","-","-","-","-","-","-","-","-","-","-","-","-","-","-","-","-","-","-","-","-","-","-","-","-","-","-","-","-","-","-","-","-","-","-","-","-","-","-","-","-","-","-","-","-","-","-","-","-","-","-","-","-","-","-","-","-","-","-","-","-","-","-","-","-","-","-","-","-","-","-","-","-","-","-","-","-","-","-","-","-","-","-","-","0.038","0.000","0.000","0.000","0.000","0.080","0.105","0.060","0.000","0.000","0.120","0.066","0.000","0.000","0.135","0.070","0.000","0.000","0.150","0.072","0.000","0.000","0.169","0.120","0.000","0.000","0.153","0.050","0.000","0.000","0.105","0.050","0.000","0.000","0.126","0.050","0.000"
"Book Value per Share","-","-","-","-","-","-","-","-","-","-","-","-","-","-","-","-","2.410","2.313","2.210","2.633","2.841","3.197","3.420","3.686","4.004","4.360","4.796","5.032","5.317","5.490","5.490","","-","-","-","-","-","-","-","-","-","-","-","-","-","-","-","-","-","-","-","-","-","-","-","-","-","-","-","-","-","-","-","-","-","-","-","-","-","-","-","-","-","-","-","-","-","-","-","-","-","-","-","-","-","-","-","-","-","-","-","-","-","-","-","-","-","-","-","-","-","-","-","-","-","-","-","-","-","-","-","-","-","-","-","2.410","2.313","2.210","2.633","2.841","3.197","0.000","0.000","3.420","0.000","3.555","3.607","3.823","3.823","3.847","3.912","4.004","4.151","4.136","4.202","4.360","4.598","4.593","4.616","4.796","4.922","4.910","4.953","5.032","5.141","5.177","5.210","5.317","5.417","5.408","5.420","5.490"
"Tangible Book per Share","-","-","-","-","-","-","-","-","-","-","-","-","-","-","-","-","2.148","2.060","1.938","1.971","2.177","2.592","2.812","3.038","2.892","3.238","3.685","3.914","4.175","4.351","4.351","","-","-","-","-","-","-","-","-","-","-","-","-","-","-","-","-","-","-","-","-","-","-","-","-","-","-","-","-","-","-","-","-","-","-","-","-","-","-","-","-","-","-","-","-","-","-","-","-","-","-","-","-","-","-","-","-","-","-","-","-","-","-","-","-","-","-","-","-","-","-","-","-","-","-","-","-","-","-","-","-","-","-","-","2.148","2.060","1.938","1.971","2.177","2.592","0.000","0.000","2.812","0.000","2.937","2.988","3.188","3.188","2.954","2.876","2.892","3.066","3.013","3.065","3.238","3.483","3.481","3.500","3.685","3.811","3.794","3.832","3.914","4.016","4.043","4.074","4.175","4.276","4.261","4.275","4.351"
"Total Debt per Share","-","-","-","-","-","-","-","-","-","-","-","-","-","-","-","-","2.864","0.936","1.314","2.122","1.472","1.288","1.532","3.268","4.123","3.786","4.274","4.214","3.766","2.962","2.962","","-","-","-","-","-","-","-","-","-","-","-","-","-","-","-","-","-","-","-","-","-","-","-","-","-","-","-","-","-","-","-","-","-","-","-","-","-","-","-","-","-","-","-","-","-","-","-","-","-","-","-","-","-","-","-","-","-","-","-","-","-","-","-","-","-","-","-","-","-","-","-","-","-","-","-","-","-","-","-","-","-","-","-","2.864","0.936","1.314","2.122","1.472","1.288","0.000","0.000","1.532","0.000","3.516","3.437","1.340","3.051","3.795","4.279","4.123","3.659","3.723","3.660","3.786","3.611","3.775","3.861","4.274","4.372","4.549","4.597","4.214","4.106","3.966","4.045","3.766","3.600","3.175","3.021","2.962"
"Month End Stock Price","-","-","-","-","-","-","-","-","-","-","-","-","-","-","-","-","2.690","2.710","3.700","3.440","2.610","5.000","6.490","6.310","6.550","6.960","6.960","6.960","4.490","3.890","3.850","","-","-","-","-","-","-","-","-","-","-","-","-","-","-","-","-","-","-","-","-","-","-","-","-","-","-","-","-","-","-","-","-","-","-","-","-","-","-","-","-","-","-","-","-","-","-","-","-","-","-","-","-","-","-","-","-","-","-","-","-","-","-","-","-","-","-","-","-","-","-","-","-","-","-","-","-","-","-","-","-","-","-","-","2.690","2.710","3.700","3.440","2.610","5.000","5.930","7.030","6.490","6.510","5.790","5.950","6.310","6.290","6.360","6.800","6.550","7.340","7.420","7.240","6.960","6.960","6.960","6.960","6.960","6.960","6.960","6.960","6.960","4.440","4.090","4.310","4.490","4.880","4.360","4.410","3.890"
"ROE %","-","-","-","-","-","-","-","-","-","-","-","-","-","-","-","-","4.240","8.030","-5.690","11.180","11.550","11.610","13.460","13.860","13.980","14.140","13.900","8.790","8.490","6.960","6.950","","-","-","-","-","-","-","-","-","-","-","-","-","-","-","-","-","-","-","-","-","-","-","-","-","-","-","-","-","-","-","-","-","-","-","-","-","-","-","-","-","-","-","-","-","-","-","-","-","-","-","-","-","-","-","-","-","-","-","-","-","-","-","-","-","-","-","-","-","-","-","-","-","-","-","-","-","-","-","-","-","-","-","-","0.000","0.000","0.000","0.000","0.000","0.000","27.630","0.000","24.550","33.290","27.090","12.940","16.090","15.370","13.190","13.610","13.480","15.040","14.130","13.260","14.390","15.910","12.890","12.030","14.660","9.270","10.340","8.100","7.450","8.430","9.080","8.020","8.470","8.120","8.130","5.380","6.180"
"ROE % Adjusted to Book Value","-","-","-","-","-","-","-","-","-","-","-","-","-","-","-","-","3.790","6.860","-3.410","8.530","12.550","7.440","7.080","8.110","8.520","8.840","9.590","6.370","10.110","9.800","10.070","","-","-","-","-","-","-","-","-","-","-","-","-","-","-","-","-","-","-","-","-","-","-","-","-","-","-","-","-","-","-","-","-","-","-","-","-","-","-","-","-","-","-","-","-","-","-","-","-","-","-","-","-","-","-","-","-","-","-","-","-","-","-","-","-","-","-","-","-","-","-","-","-","-","-","-","-","-","-","-","-","-","-","-","0.000","0.000","0.000","0.000","0.000","0.000","0.000","0.000","12.920","0.000","16.620","7.840","9.750","9.320","7.990","7.820","8.220","8.500","7.890","7.710","8.990","10.540","8.480","7.970","10.110","6.570","7.280","5.740","5.400","9.800","11.490","9.660","10.080","9.020","10.040","6.640","8.700"
"ROA %","-","-","-","-","-","-","-","-","-","-","-","-","-","-","-","-","0.460","0.760","-0.170","1.000","1.010","1.120","1.360","1.340","1.350","1.370","1.440","0.970","0.990","0.830","0.820","","-","-","-","-","-","-","-","-","-","-","-","-","-","-","-","-","-","-","-","-","-","-","-","-","-","-","-","-","-","-","-","-","-","-","-","-","-","-","-","-","-","-","-","-","-","-","-","-","-","-","-","-","-","-","-","-","-","-","-","-","-","-","-","-","-","-","-","-","-","-","-","-","-","-","-","-","-","-","-","-","-","-","-","0.000","0.000","0.000","0.000","0.000","0.000","2.760","0.000","2.700","3.170","2.670","1.290","1.610","1.530","1.270","1.290","1.280","1.450","1.380","1.280","1.410","1.670","1.430","1.310","1.570","1.020","1.150","0.890","0.830","0.980","1.110","0.990","1.020","0.970","0.980","0.630","0.720"
"ROIC %","-","-","-","-","-","-","-","-","-","-","-","-","-","-","-","-","0.000","0.000","0.000","0.000","0.000","0.000","0.000","0.000","0.000","0.000","0.000","0.000","0.000","0.000","0.000","","-","-","-","-","-","-","-","-","-","-","-","-","-","-","-","-","-","-","-","-","-","-","-","-","-","-","-","-","-","-","-","-","-","-","-","-","-","-","-","-","-","-","-","-","-","-","-","-","-","-","-","-","-","-","-","-","-","-","-","-","-","-","-","-","-","-","-","-","-","-","-","-","-","-","-","-","-","-","-","-","-","-","-","0.000","0.000","0.000","0.000","0.000","0.000","0.000","0.000","0.000","0.000","0.000","0.000","0.000","0.000","0.000","0.000","0.000","0.000","0.000","0.000","0.000","0.000","0.000","0.000","0.000","0.000","0.000","0.000","0.000","0.000","0.000","0.000","0.000","0.000","0.000","0.000","0.000"
"WACC %","-","-","-","-","-","-","-","-","-","-","-","-","-","-","-","-","0.000","0.000","0.000","0.000","0.000","0.000","17.260","15.520","11.560","9.950","8.920","7.090","7.690","0.000","12.020","","-","-","-","-","-","-","-","-","-","-","-","-","-","-","-","-","-","-","-","-","-","-","-","-","-","-","-","-","-","-","-","-","-","-","-","-","-","-","-","-","-","-","-","-","-","-","-","-","-","-","-","-","-","-","-","-","-","-","-","-","-","-","-","-","-","-","-","-","-","-","-","-","-","-","-","-","-","-","-","-","-","-","-","0.000","0.000","0.000","0.000","0.000","0.000","0.000","0.000","17.260","0.000","17.560","15.400","15.520","14.170","12.520","11.280","11.560","11.740","11.430","10.880","9.950","9.730","9.550","9.530","8.920","8.930","8.160","7.990","7.090","6.600","7.080","7.390","7.690","7.490","8.100","9.570","0.000"
"Effective Interest Rate on Debt %","-","-","-","-","-","-","-","-","-","-","-","-","-","-","-","-","27.410","44.650","80.930","49.920","41.220","43.860","46.020","30.440","20.690","20.120","19.310","19.230","20.220","26.220","26.690","","-","-","-","-","-","-","-","-","-","-","-","-","-","-","-","-","-","-","-","-","-","-","-","-","-","-","-","-","-","-","-","-","-","-","-","-","-","-","-","-","-","-","-","-","-","-","-","-","-","-","-","-","-","-","-","-","-","-","-","-","-","-","-","-","-","-","-","-","-","-","-","-","-","-","-","-","-","-","-","-","-","-","-","0.000","0.000","0.000","0.000","0.000","0.000","98.660","0.000","84.720","93.820","42.880","20.890","30.420","33.400","22.300","19.480","18.630","20.170","21.700","22.010","21.130","20.680","20.880","20.600","19.530","18.190","18.000","18.610","18.800","19.580","19.740","19.950","21.020","22.420","25.640","29.210","31.080"
"Net Interest Margin (Bank Only) %","-","-","-","-","-","-","-","-","-","-","-","-","-","-","-","-","3.450","3.180","2.970","3.230","3.240","3.120","3.160","3.830","4.750","4.460","3.630","2.890","2.610","2.550","2.550","","-","-","-","-","-","-","-","-","-","-","-","-","-","-","-","-","-","-","-","-","-","-","-","-","-","-","-","-","-","-","-","-","-","-","-","-","-","-","-","-","-","-","-","-","-","-","-","-","-","-","-","-","-","-","-","-","-","-","-","-","-","-","-","-","-","-","-","-","-","-","-","-","-","-","-","-","-","-","-","-","-","-","-","0.000","0.000","0.000","0.000","0.000","0.000","6.460","0.000","6.620","5.860","5.870","2.930","2.760","2.750","2.840","2.730","3.720","4.600","4.400","4.530","4.470","3.800","3.890","3.630","3.400","3.070","3.120","2.800","2.710","2.730","2.580","2.630","2.610","2.640","2.570","2.480","2.520"
"Operating Margin %","-","-","-","-","-","-","-","-","-","-","-","-","-","-","-","-","0.000","0.000","0.000","0.000","0.000","0.000","0.000","0.000","0.000","0.000","0.000","0.000","0.000","0.000","0.000","","-","-","-","-","-","-","-","-","-","-","-","-","-","-","-","-","-","-","-","-","-","-","-","-","-","-","-","-","-","-","-","-","-","-","-","-","-","-","-","-","-","-","-","-","-","-","-","-","-","-","-","-","-","-","-","-","-","-","-","-","-","-","-","-","-","-","-","-","-","-","-","-","-","-","-","-","-","-","-","-","-","-","-","0.000","0.000","0.000","0.000","0.000","0.000","0.000","0.000","0.000","0.000","0.000","0.000","0.000","0.000","0.000","0.000","0.000","0.000","0.000","0.000","0.000","0.000","0.000","0.000","0.000","0.000","0.000","0.000","0.000","0.000","0.000","0.000","0.000","0.000","0.000","0.000","0.000"
"Net Margin %","-","-","-","-","-","-","-","-","-","-","-","-","-","-","-","-","11.170","18.610","-4.260","24.190","30.000","29.140","35.550","29.370","29.680","29.330","36.830","28.310","29.280","23.950","23.950","","-","-","-","-","-","-","-","-","-","-","-","-","-","-","-","-","-","-","-","-","-","-","-","-","-","-","-","-","-","-","-","-","-","-","-","-","-","-","-","-","-","-","-","-","-","-","-","-","-","-","-","-","-","-","-","-","-","-","-","-","-","-","-","-","-","-","-","-","-","-","-","-","-","-","-","-","-","-","-","-","-","-","-","0.000","0.000","0.000","0.000","0.000","0.000","33.600","33.520","37.900","36.880","34.340","34.380","42.110","35.000","31.190","26.400","27.180","30.090","29.150","27.260","30.840","38.960","33.150","33.980","41.190","28.190","33.280","26.210","25.420","28.600","29.860","29.080","29.530","27.760","27.850","19.200","20.870"
"FCF Margin %","-","-","-","-","-","-","-","-","-","-","-","-","-","-","-","-","-32.860","27.030","28.170","-44.800","348.720","-108.960","22.210","-148.680","167.060","41.010","31.210","37.140","-110.500","-116.880","-116.850","","-","-","-","-","-","-","-","-","-","-","-","-","-","-","-","-","-","-","-","-","-","-","-","-","-","-","-","-","-","-","-","-","-","-","-","-","-","-","-","-","-","-","-","-","-","-","-","-","-","-","-","-","-","-","-","-","-","-","-","-","-","-","-","-","-","-","-","-","-","-","-","-","-","-","-","-","-","-","-","-","-","-","-","0.000","0.000","0.000","0.000","0.000","0.000","0.000","0.000","0.000","37.220","-604.650","-136.270","197.650","93.840","156.870","74.690","332.170","-10.150","276.980","-129.500","28.870","-260.090","6.870","107.160","301.780","59.720","-125.610","359.360","-152.680","-366.390","-271.710","-12.350","218.090","-86.470","95.790","522.960","-955.770"
"Debt-to-Equity","-","-","-","-","-","-","-","-","-","-","-","-","-","-","-","-","1.188","0.404","0.595","0.806","0.518","0.403","0.448","0.887","1.030","0.868","0.891","0.837","0.708","0.539","0.539","","-","-","-","-","-","-","-","-","-","-","-","-","-","-","-","-","-","-","-","-","-","-","-","-","-","-","-","-","-","-","-","-","-","-","-","-","-","-","-","-","-","-","-","-","-","-","-","-","-","-","-","-","-","-","-","-","-","-","-","-","-","-","-","-","-","-","-","-","-","-","-","-","-","-","-","-","-","-","-","-","-","-","-","1.188","0.404","0.595","0.806","0.518","0.403","-","-","0.448","-","0.989","0.953","0.351","0.798","0.986","1.094","1.030","0.882","0.900","0.871","0.868","0.785","0.822","0.836","0.891","0.888","0.926","0.928","0.837","0.799","0.766","0.776","0.708","0.665","0.587","0.557","0.539"
"Equity-to-Asset","-","-","-","-","-","-","-","-","-","-","-","-","-","-","-","-","0.077","0.071","0.061","0.086","0.086","0.100","0.095","0.098","0.095","0.099","0.108","0.113","0.119","0.120","0.120","","-","-","-","-","-","-","-","-","-","-","-","-","-","-","-","-","-","-","-","-","-","-","-","-","-","-","-","-","-","-","-","-","-","-","-","-","-","-","-","-","-","-","-","-","-","-","-","-","-","-","-","-","-","-","-","-","-","-","-","-","-","-","-","-","-","-","-","-","-","-","-","-","-","-","-","-","-","-","-","-","-","-","-","0.000","0.000","0.000","0.000","0.000","0.000","0.000","0.000","0.095","0.000","0.099","0.101","0.100","0.100","0.094","0.096","0.095","0.098","0.097","0.096","0.099","0.111","0.111","0.107","0.108","0.113","0.111","0.110","0.113","0.119","0.125","0.121","0.119","0.120","0.121","0.114","0.120"
"Debt-to-Asset","-","-","-","-","-","-","-","-","-","-","-","-","-","-","-","-","0.092","0.029","0.036","0.069","0.045","0.040","0.043","0.087","0.097","0.086","0.096","0.095","0.084","0.065","0.065","","-","-","-","-","-","-","-","-","-","-","-","-","-","-","-","-","-","-","-","-","-","-","-","-","-","-","-","-","-","-","-","-","-","-","-","-","-","-","-","-","-","-","-","-","-","-","-","-","-","-","-","-","-","-","-","-","-","-","-","-","-","-","-","-","-","-","-","-","-","-","-","-","-","-","-","-","-","-","-","-","-","-","-","0.000","0.000","0.000","0.000","0.000","0.000","0.000","0.000","0.043","0.000","0.098","0.096","0.035","0.079","0.092","0.105","0.097","0.087","0.087","0.084","0.086","0.087","0.092","0.089","0.096","0.100","0.102","0.102","0.095","0.095","0.096","0.094","0.084","0.080","0.071","0.064","0.065"
"Asset Turnover","-","-","-","-","-","-","-","-","-","-","-","-","-","-","-","-","0.042","0.041","0.040","0.041","0.034","0.038","0.038","0.046","0.045","0.047","0.039","0.034","0.034","0.035","0.030","","-","-","-","-","-","-","-","-","-","-","-","-","-","-","-","-","-","-","-","-","-","-","-","-","-","-","-","-","-","-","-","-","-","-","-","-","-","-","-","-","-","-","-","-","-","-","-","-","-","-","-","-","-","-","-","-","-","-","-","-","-","-","-","-","-","-","-","-","-","-","-","-","-","-","-","-","-","-","-","-","-","-","-","0.000","0.000","0.000","0.000","0.000","0.000","0.021","0.000","0.018","0.021","0.019","0.009","0.010","0.011","0.010","0.012","0.012","0.012","0.012","0.012","0.011","0.011","0.011","0.010","0.010","0.009","0.009","0.009","0.008","0.009","0.009","0.008","0.009","0.009","0.009","0.008","0.009"
"Dividend Payout Ratio","-","-","-","-","-","-","-","-","-","-","-","-","-","-","-","-","0.373","0.209","0.000","0.176","0.190","0.231","0.369","0.375","0.380","0.374","0.453","0.469","0.352","0.468","0.470","","-","-","-","-","-","-","-","-","-","-","-","-","-","-","-","-","-","-","-","-","-","-","-","-","-","-","-","-","-","-","-","-","-","-","-","-","-","-","-","-","-","-","-","-","-","-","-","-","-","-","-","-","-","-","-","-","-","-","-","-","-","-","-","-","-","-","-","-","-","-","-","-","-","-","-","-","-","-","-","-","-","-","-","0.000","0.000","0.000","0.000","0.000","0.000","0.946","0.556","0.000","0.000","1.000","0.569","0.000","0.000","1.063","0.530","0.000","0.000","1.027","0.522","0.000","0.000","1.142","0.863","0.000","0.000","1.205","0.500","0.000","0.000","0.897","0.481","0.000","0.000","1.145","0.685","0.000"
"  Interest Income","-","-","-","-","-","-","-","-","-","-","-","-","-","-","-","-","2,950.199","3,091.989","3,366.912","3,768.943","3,793.368","3,624.019","4,070.370","4,382.302","4,523.429","4,677.033","4,327.234","4,097.215","3,996.612","4,319.975","4,319.976","","-","-","-","-","-","-","-","-","-","-","-","-","-","-","-","-","-","-","-","-","-","-","-","-","-","-","-","-","-","-","-","-","-","-","-","-","-","-","-","-","-","-","-","-","-","-","-","-","-","-","-","-","-","-","-","-","-","-","-","-","-","-","-","-","-","-","-","-","-","-","-","-","-","-","-","-","-","-","-","-","-","-","-","0.000","0.000","0.000","0.000","0.000","0.000","999.048","1,018.644","1,063.031","1,049.429","1,088.447","1,070.891","1,059.694","1,080.262","1,125.109","1,131.415","1,186.643","1,162.528","1,155.848","1,183.301","1,175.356","1,081.684","1,095.154","1,081.173","1,069.223","1,016.205","1,035.787","1,034.224","1,010.999","1,005.971","972.983","995.519","1,022.139","1,038.367","1,068.822","1,088.399","1,124.388"
"  Interest Expense","-","-","-","-","-","-","-","-","-","-","-","-","-","-","-","-","-1,567.725","-1,741.728","-1,994.802","-2,153.121","-2,017.054","-1,730.467","-1,955.778","-2,202.109","-2,304.981","-2,397.659","-2,346.099","-2,459.459","-2,432.014","-2,655.630","-2,655.630","","-","-","-","-","-","-","-","-","-","-","-","-","-","-","-","-","-","-","-","-","-","-","-","-","-","-","-","-","-","-","-","-","-","-","-","-","-","-","-","-","-","-","-","-","-","-","-","-","-","-","-","-","-","-","-","-","-","-","-","-","-","-","-","-","-","-","-","-","-","-","-","-","-","-","-","-","-","-","-","-","-","-","-","0.000","0.000","0.000","0.000","0.000","0.000","-478.876","-512.275","-488.883","-541.399","-563.647","-542.790","-544.306","-552.559","-574.072","-590.046","-588.304","-591.323","-603.189","-611.123","-592.024","-576.284","-580.619","-591.308","-597.888","-592.669","-604.016","-639.424","-623.350","-613.639","-599.680","-600.785","-617.910","-622.124","-653.819","-680.594","-699.093"
"Net Interest Income","-","-","-","-","-","-","-","-","-","-","-","-","-","-","-","-","1,382.474","1,350.261","1,372.110","1,615.822","1,776.314","1,893.552","2,114.592","2,180.193","2,218.448","2,279.374","1,981.135","1,637.756","1,564.598","1,664.345","1,664.346","","-","-","-","-","-","-","-","-","-","-","-","-","-","-","-","-","-","-","-","-","-","-","-","-","-","-","-","-","-","-","-","-","-","-","-","-","-","-","-","-","-","-","-","-","-","-","-","-","-","-","-","-","-","-","-","-","-","-","-","-","-","-","-","-","-","-","-","-","-","-","-","-","-","-","-","-","-","-","-","-","-","-","-","0.000","0.000","0.000","0.000","0.000","0.000","520.172","506.369","574.148","508.030","524.800","528.101","515.388","527.703","551.037","541.369","598.339","571.205","552.659","572.178","583.332","505.400","514.535","489.865","471.335","423.536","431.771","394.800","387.649","392.332","373.303","394.734","404.229","416.243","415.003","407.805","425.295"
"Non Interest Income","-","-","-","-","-","-","-","-","-","-","-","-","-","-","-","-","1,195.346","1,408.389","1,656.142","1,735.895","1,151.091","1,684.230","1,798.586","2,873.624","3,243.102","3,797.264","3,228.251","2,962.842","2,959.914","3,061.775","3,063.158","","-","-","-","-","-","-","-","-","-","-","-","-","-","-","-","-","-","-","-","-","-","-","-","-","-","-","-","-","-","-","-","-","-","-","-","-","-","-","-","-","-","-","-","-","-","-","-","-","-","-","-","-","-","-","-","-","-","-","-","-","-","-","-","-","-","-","-","-","-","-","-","-","-","-","-","-","-","-","-","-","-","-","-","0.000","0.000","0.000","0.000","0.000","0.000","470.454","464.191","388.112","655.222","523.733","478.897","549.915","737.741","668.715","959.172","877.474","964.274","959.758","953.075","920.157","872.698","830.218","736.164","789.171","780.951","717.504","750.191","713.729","737.177","807.588","682.030","733.120","766.257","775.232","732.682","788.987"
"Revenue","-","-","-","-","-","-","-","-","-","-","-","-","-","-","-","-","2,577.820","2,758.650","3,028.252","3,351.717","2,927.405","3,577.782","3,913.178","5,053.817","5,461.550","6,076.638","5,209.386","4,600.598","4,524.512","4,726.120","4,727.504","","-","-","-","-","-","-","-","-","-","-","-","-","-","-","-","-","-","-","-","-","-","-","-","-","-","-","-","-","-","-","-","-","-","-","-","-","-","-","-","-","-","-","-","-","-","-","-","-","-","-","-","-","-","-","-","-","-","-","-","-","-","-","-","-","-","-","-","-","-","-","-","-","-","-","-","-","-","-","-","-","-","-","-","0.000","0.000","0.000","0.000","0.000","0.000","990.626","970.560","962.260","1,163.252","1,048.533","1,006.998","1,065.303","1,265.444","1,219.752","1,500.541","1,475.813","1,535.479","1,512.417","1,525.253","1,503.489","1,378.098","1,344.753","1,226.029","1,260.506","1,204.487","1,149.275","1,144.991","1,101.378","1,129.509","1,180.891","1,076.764","1,137.349","1,182.500","1,190.235","1,140.487","1,214.282"
"Credit Losses Provision","-","-","-","-","-","-","-","-","-","-","-","-","-","-","-","-","0.000","0.000","0.000","0.000","0.000","0.000","0.000","0.000","0.000","0.000","0.000","0.000","0.000","0.000","0.000","","-","-","-","-","-","-","-","-","-","-","-","-","-","-","-","-","-","-","-","-","-","-","-","-","-","-","-","-","-","-","-","-","-","-","-","-","-","-","-","-","-","-","-","-","-","-","-","-","-","-","-","-","-","-","-","-","-","-","-","-","-","-","-","-","-","-","-","-","-","-","-","-","-","-","-","-","-","-","-","-","-","-","-","0.000","0.000","0.000","0.000","0.000","0.000","0.000","0.000","0.000","0.000","0.000","0.000","0.000","0.000","0.000","0.000","0.000","0.000","0.000","0.000","0.000","0.000","0.000","0.000","0.000","0.000","0.000","0.000","0.000","0.000","0.000","0.000","0.000","0.000","0.000","0.000","0.000"
"Selling, General, & Admin. Expense","-","-","-","-","-","-","-","-","-","-","-","-","-","-","-","-","0.000","0.000","260.153","283.702","249.987","280.024","268.815","402.982","478.585","525.741","527.199","540.178","483.332","493.043","493.043","","-","-","-","-","-","-","-","-","-","-","-","-","-","-","-","-","-","-","-","-","-","-","-","-","-","-","-","-","-","-","-","-","-","-","-","-","-","-","-","-","-","-","-","-","-","-","-","-","-","-","-","-","-","-","-","-","-","-","-","-","-","-","-","-","-","-","-","-","-","-","-","-","-","-","-","-","-","-","-","-","-","-","-","0.000","0.000","0.000","0.000","0.000","0.000","16.915","20.599","214.665","0.383","13.252","18.277","435.269","106.600","98.454","119.578","153.953","126.915","132.001","123.607","140.043","133.816","115.604","127.655","150.124","123.764","120.938","131.999","162.064","115.582","129.786","111.574","126.390","111.994","111.475","130.435","139.139"
"  SpecialCharges","-","-","-","-","-","-","-","-","-","-","-","-","-","-","-","-","0.000","0.000","0.000","0.000","0.000","0.000","0.000","49.836","38.603","77.204","-501.548","-26.077","-118.755","-47.642","-46.749","","-","-","-","-","-","-","-","-","-","-","-","-","-","-","-","-","-","-","-","-","-","-","-","-","-","-","-","-","-","-","-","-","-","-","-","-","-","-","-","-","-","-","-","-","-","-","-","-","-","-","-","-","-","-","-","-","-","-","-","-","-","-","-","-","-","-","-","-","-","-","-","-","-","-","-","-","-","-","-","-","-","-","-","0.000","0.000","0.000","0.000","0.000","0.000","64.393","-43.783","0.000","0.014","11.633","-2.807","5.177","9.940","11.017","5.285","12.361","-8.206","40.410","19.593","27.272","-351.838","-3.548","-40.142","-106.020","1.755","-8.157","1.781","-22.042","-1.644","-10.566","11.685","-118.230","-3.677","9.427","-39.251","-13.248"
"Other Noninterest Expense","-","-","-","-","-","-","-","-","-","-","-","-","-","-","-","-","2,577.820","2,758.650","2,768.099","3,068.015","2,677.418","3,297.758","3,644.363","4,650.835","4,982.965","5,550.897","4,682.187","4,060.420","4,041.180","4,233.077","4,234.461","","-","-","-","-","-","-","-","-","-","-","-","-","-","-","-","-","-","-","-","-","-","-","-","-","-","-","-","-","-","-","-","-","-","-","-","-","-","-","-","-","-","-","-","-","-","-","-","-","-","-","-","-","-","-","-","-","-","-","-","-","-","-","-","-","-","-","-","-","-","-","-","-","-","-","-","-","-","-","-","-","-","-","-","0.000","0.000","0.000","0.000","0.000","0.000","973.711","949.961","747.595","1,162.869","1,035.281","988.721","630.034","1,158.844","1,121.298","1,380.963","1,321.860","1,408.564","1,380.416","1,401.646","1,363.446","1,244.282","1,229.149","1,098.374","1,110.382","1,080.723","1,028.337","1,012.992","939.314","1,013.927","1,051.105","965.190","1,010.959","1,070.506","1,078.760","1,010.052","1,075.143"
"Operating Income","-","-","-","-","-","-","-","-","-","-","-","-","-","-","-","-","0.000","0.000","0.000","0.000","0.000","0.000","0.000","0.000","0.000","0.000","0.000","0.000","0.000","0.000","0.000","","-","-","-","-","-","-","-","-","-","-","-","-","-","-","-","-","-","-","-","-","-","-","-","-","-","-","-","-","-","-","-","-","-","-","-","-","-","-","-","-","-","-","-","-","-","-","-","-","-","-","-","-","-","-","-","-","-","-","-","-","-","-","-","-","-","-","-","-","-","-","-","-","-","-","-","-","-","-","-","-","-","-","-","0.000","0.000","0.000","0.000","0.000","0.000","0.000","0.000","0.000","0.000","0.000","0.000","0.000","0.000","0.000","0.000","0.000","0.000","0.000","0.000","0.000","0.000","0.000","0.000","0.000","0.000","0.000","0.000","0.000","0.000","0.000","0.000","0.000","0.000","0.000","0.000","0.000"
"Other Income (Expense)","-","-","-","-","-","-","-","-","-","-","-","-","-","-","-","-","492.567","757.842","-84.612","1,194.437","1,217.636","1,376.659","1,865.124","2,033.614","2,138.987","2,448.238","2,604.280","1,731.012","1,801.190","1,542.713","1,542.713","","-","-","-","-","-","-","-","-","-","-","-","-","-","-","-","-","-","-","-","-","-","-","-","-","-","-","-","-","-","-","-","-","-","-","-","-","-","-","-","-","-","-","-","-","-","-","-","-","-","-","-","-","-","-","-","-","-","-","-","-","-","-","-","-","-","-","-","-","-","-","-","-","-","-","-","-","-","-","-","-","-","-","-","0.000","0.000","0.000","0.000","0.000","0.000","465.192","458.165","425.534","587.919","481.590","470.376","622.518","616.326","534.057","517.910","470.694","637.283","600.444","615.091","595.420","725.785","621.247","588.874","668.374","482.396","500.977","405.770","341.869","479.380","472.156","408.910","440.744","449.105","432.180","301.740","359.688"
"  Other Income (Minority Interest)","-","-","-","-","-","-","-","-","-","-","-","-","-","-","-","-","-83.948","113.535","153.559","142.277","17.430","33.990","48.338","-48.455","-42.764","-88.675","-125.923","-97.273","-84.169","-121.693","-121.693","","-","-","-","-","-","-","-","-","-","-","-","-","-","-","-","-","-","-","-","-","-","-","-","-","-","-","-","-","-","-","-","-","-","-","-","-","-","-","-","-","-","-","-","-","-","-","-","-","-","-","-","-","-","-","-","-","-","-","-","-","-","-","-","-","-","-","-","-","-","-","-","-","-","-","-","-","-","-","-","-","-","-","-","0.000","0.000","0.000","0.000","0.000","0.000","-11.746","-13.106","86.618","-10.279","-8.964","-11.853","13.269","-10.825","-12.310","4.123","-23.752","-21.626","-20.877","-23.545","-22.627","-30.910","-34.919","-29.289","-30.805","-29.151","-25.391","-11.529","-31.202","-36.445","-22.575","-4.280","-20.869","-36.271","-25.643","-11.121","-48.658"
"Pre-Tax Income","-","-","-","-","-","-","-","-","-","-","-","-","-","-","-","-","492.567","757.842","-84.612","1,194.437","1,217.636","1,376.659","1,865.124","2,033.614","2,138.987","2,448.238","2,604.280","1,731.012","1,801.190","1,542.713","1,542.713","","-","-","-","-","-","-","-","-","-","-","-","-","-","-","-","-","-","-","-","-","-","-","-","-","-","-","-","-","-","-","-","-","-","-","-","-","-","-","-","-","-","-","-","-","-","-","-","-","-","-","-","-","-","-","-","-","-","-","-","-","-","-","-","-","-","-","-","-","-","-","-","-","-","-","-","-","-","-","-","-","-","-","-","0.000","0.000","0.000","0.000","0.000","0.000","465.192","458.165","425.534","587.919","481.590","470.376","622.518","616.326","534.057","517.910","470.694","637.283","600.444","615.091","595.420","725.785","621.247","588.874","668.374","482.396","500.977","405.770","341.869","479.380","472.156","408.910","440.744","449.105","432.180","301.740","359.688"
"Tax Provision","-","-","-","-","-","-","-","-","-","-","-","-","-","-","-","-","-204.632","-244.433","-44.285","-383.618","-339.382","-334.051","-473.974","-500.743","-475.499","-577.183","-559.727","-331.533","-392.414","-288.889","-288.889","","-","-","-","-","-","-","-","-","-","-","-","-","-","-","-","-","-","-","-","-","-","-","-","-","-","-","-","-","-","-","-","-","-","-","-","-","-","-","-","-","-","-","-","-","-","-","-","-","-","-","-","-","-","-","-","-","-","-","-","-","-","-","-","-","-","-","-","-","-","-","-","-","-","-","-","-","-","-","-","-","-","-","-","0.000","0.000","0.000","0.000","0.000","0.000","-120.574","-119.748","-99.130","-148.631","-112.556","-112.340","-160.672","-162.626","-141.303","-125.825","-45.745","-153.675","-138.710","-175.713","-109.085","-157.935","-140.509","-142.938","-118.345","-113.734","-93.068","-94.088","-30.643","-119.935","-96.955","-91.463","-84.061","-84.561","-75.071","-71.641","-57.616"
"Tax Rate %","-","-","-","-","-","-","-","-","-","-","-","-","-","-","-","-","41.540","32.250","-52.340","32.120","27.870","24.270","25.410","24.620","22.230","23.580","21.490","19.150","21.790","18.730","18.730","","-","-","-","-","-","-","-","-","-","-","-","-","-","-","-","-","-","-","-","-","-","-","-","-","-","-","-","-","-","-","-","-","-","-","-","-","-","-","-","-","-","-","-","-","-","-","-","-","-","-","-","-","-","-","-","-","-","-","-","-","-","-","-","-","-","-","-","-","-","-","-","-","-","-","-","-","-","-","-","-","-","-","-","0.000","0.000","0.000","0.000","0.000","0.000","25.920","26.140","23.300","25.280","23.370","23.880","25.810","26.390","26.460","24.290","9.720","24.110","23.100","28.570","18.320","21.760","22.620","24.270","17.710","23.580","18.580","23.190","8.960","25.020","20.530","22.370","19.070","18.830","17.370","23.740","16.020"
"Net Income (Continuing Operations)","-","-","-","-","-","-","-","-","-","-","-","-","-","-","-","-","371.883","399.874","-282.456","668.542","860.824","1,008.618","1,342.812","1,532.871","1,663.488","1,871.055","2,044.553","1,399.479","1,408.776","1,253.824","1,253.824","","-","-","-","-","-","-","-","-","-","-","-","-","-","-","-","-","-","-","-","-","-","-","-","-","-","-","-","-","-","-","-","-","-","-","-","-","-","-","-","-","-","-","-","-","-","-","-","-","-","-","-","-","-","-","-","-","-","-","-","-","-","-","-","-","-","-","-","-","-","-","-","-","-","-","-","-","-","-","-","-","-","-","-","0.000","0.000","0.000","0.000","0.000","0.000","344.618","338.417","278.066","439.288","369.034","358.036","461.846","453.700","392.754","392.085","424.949","483.608","461.734","439.378","486.335","567.850","480.738","445.936","550.029","368.662","407.909","311.682","311.226","359.445","375.201","317.447","356.683","364.544","357.109","230.099","302.072"
"Net Income (Discontinued Operations)","-","-","-","-","-","-","-","-","-","-","-","-","-","-","-","-","0.000","0.000","0.000","0.000","0.000","0.000","0.000","0.000","0.000","0.000","0.000","0.000","0.000","0.000","0.000","","-","-","-","-","-","-","-","-","-","-","-","-","-","-","-","-","-","-","-","-","-","-","-","-","-","-","-","-","-","-","-","-","-","-","-","-","-","-","-","-","-","-","-","-","-","-","-","-","-","-","-","-","-","-","-","-","-","-","-","-","-","-","-","-","-","-","-","-","-","-","-","-","-","-","-","-","-","-","-","-","-","-","-","0.000","0.000","0.000","0.000","0.000","0.000","0.000","0.000","0.000","0.000","0.000","0.000","0.000","0.000","0.000","0.000","0.000","0.000","0.000","0.000","0.000","0.000","0.000","0.000","0.000","0.000","0.000","0.000","0.000","0.000","0.000","0.000","0.000","0.000","0.000","0.000","0.000"
"Net Income","-","-","-","-","-","-","-","-","-","-","-","-","-","-","-","-","287.935","513.409","-128.897","810.819","878.254","1,042.608","1,391.150","1,484.416","1,620.724","1,782.380","1,918.630","1,302.206","1,324.607","1,132.131","1,132.131","","-","-","-","-","-","-","-","-","-","-","-","-","-","-","-","-","-","-","-","-","-","-","-","-","-","-","-","-","-","-","-","-","-","-","-","-","-","-","-","-","-","-","-","-","-","-","-","-","-","-","-","-","-","-","-","-","-","-","-","-","-","-","-","-","-","-","-","-","-","-","-","-","-","-","-","-","-","-","-","-","-","-","-","0.000","0.000","0.000","0.000","0.000","0.000","332.872","325.311","364.684","429.009","360.070","346.183","448.577","442.875","380.444","396.208","401.197","461.982","440.857","415.833","463.708","536.940","445.819","416.647","519.224","339.511","382.518","300.153","280.024","323.000","352.626","313.167","335.814","328.273","331.466","218.978","253.414"
"Preferred Dividends","-","-","-","-","-","-","-","-","-","-","-","-","-","-","-","-","0.000","0.000","0.000","0.000","0.000","0.000","0.000","0.000","0.000","0.000","0.000","0.000","0.000","0.000","0.000","","-","-","-","-","-","-","-","-","-","-","-","-","-","-","-","-","-","-","-","-","-","-","-","-","-","-","-","-","-","-","-","-","-","-","-","-","-","-","-","-","-","-","-","-","-","-","-","-","-","-","-","-","-","-","-","-","-","-","-","-","-","-","-","-","-","-","-","-","-","-","-","-","-","-","-","-","-","-","-","-","-","-","-","0.000","0.000","0.000","0.000","0.000","0.000","0.000","0.000","0.000","0.000","0.000","0.000","0.000","0.000","0.000","0.000","0.000","0.000","0.000","0.000","0.000","0.000","0.000","0.000","0.000","0.000","0.000","0.000","0.000","0.000","0.000","0.000","0.000","0.000","0.000","0.000","0.000"
"EPS (Basic)","-","-","-","-","-","-","-","-","-","-","-","-","-","-","-","-","0.104","0.185","-0.133","0.282","0.316","0.347","0.447","0.496","0.540","0.593","0.638","0.433","0.441","0.376","0.376","","-","-","-","-","-","-","-","-","-","-","-","-","-","-","-","-","-","-","-","-","-","-","-","-","-","-","-","-","-","-","-","-","-","-","-","-","-","-","-","-","-","-","-","-","-","-","-","-","-","-","-","-","-","-","-","-","-","-","-","-","-","-","-","-","-","-","-","-","-","-","-","-","-","-","-","-","-","-","-","-","-","-","-","183.104","0.188","-0.133","0.282","0.316","203.347","0.111","0.108","0.105","0.143","0.120","0.116","0.150","0.148","0.127","0.132","0.134","0.154","0.147","0.138","0.154","0.179","0.148","0.139","0.173","0.113","0.127","0.100","0.093","0.107","0.117","0.104","0.112","0.109","0.110","0.073","0.084"
"EPS (Diluted)","-","-","-","-","-","-","-","-","-","-","-","-","-","-","-","-","0.102","0.182","-0.133","0.279","0.316","0.347","0.447","0.496","0.540","0.593","0.638","0.433","0.440","0.376","0.376","","-","-","-","-","-","-","-","-","-","-","-","-","-","-","-","-","-","-","-","-","-","-","-","-","-","-","-","-","-","-","-","-","-","-","-","-","-","-","-","-","-","-","-","-","-","-","-","-","-","-","-","-","-","-","-","-","-","-","-","-","-","-","-","-","-","-","-","-","-","-","-","-","-","-","-","-","-","-","-","-","-","-","-","183.102","0.185","-0.133","0.279","0.316","203.347","0.111","0.108","0.105","0.143","0.120","0.116","0.150","0.148","0.127","0.132","0.134","0.154","0.146","0.138","0.154","0.179","0.148","0.139","0.173","0.113","0.127","0.100","0.093","0.107","0.117","0.104","0.112","0.109","0.110","0.073","0.084"
"Shares Outstanding (Diluted Average)","-","-","-","-","-","-","-","-","-","-","-","-","-","-","-","-","1,997.131","2,222.743","2,395.059","2,395.059","2,722.970","3,014.185","3,014.185","2,993.129","3,000.908","3,007.916","3,006.539","3,008.050","3,008.142","3,008.141","3,008.221","","-","-","-","-","-","-","-","-","-","-","-","-","-","-","-","-","-","-","-","-","-","-","-","-","-","-","-","-","-","-","-","-","-","-","-","-","-","-","-","-","-","-","-","-","-","-","-","-","-","-","-","-","-","-","-","-","-","-","-","-","-","-","-","-","-","-","-","-","-","-","-","-","-","-","-","-","-","-","-","-","-","-","-","1,997.131","2,222.743","2,395.059","2,395.059","2,722.970","3,014.185","3,003.130","3,002.513","3,042.820","2,998.264","2,991.038","2,988.488","2,997.534","2,997.534","3,003.752","3,000.757","3,001.620","3,008.822","3,010.949","3,007.060","3,005.600","3,008.662","3,009.400","3,006.030","3,000.785","3,003.282","3,005.753","3,005.583","3,008.655","3,006.735","3,007.107","3,008.385","3,008.275","3,007.987","3,008.257","3,008.224","3,008.221"
"Depreciation, Depletion and Amortization","-","-","-","-","-","-","-","-","-","-","-","-","-","-","-","-","82.461","95.056","58.078","57.444","78.056","85.772","87.811","101.216","162.310","163.816","147.631","155.129","160.347","179.561","179.561","","-","-","-","-","-","-","-","-","-","-","-","-","-","-","-","-","-","-","-","-","-","-","-","-","-","-","-","-","-","-","-","-","-","-","-","-","-","-","-","-","-","-","-","-","-","-","-","-","-","-","-","-","-","-","-","-","-","-","-","-","-","-","-","-","-","-","-","-","-","-","-","-","-","-","-","-","-","-","-","-","-","-","-","0.000","0.000","0.000","0.000","0.000","0.000","19.789","23.362","0.000","22.645","23.510","23.306","31.755","26.555","27.136","55.278","53.341","44.223","38.539","39.823","41.230","36.992","36.167","35.563","38.909","33.608","34.996","36.377","43.886","38.954","39.838","39.866","41.689","42.319","38.408","40.205","58.629"
"EBITDA","","","","","","","","","","","","","","","","","0.000","0.000","0.000","0.000","0.000","0.000","0.000","0.000","0.000","0.000","0.000","0.000","0.000","0.000","","","","","","","","","","","","","","","","","","","","","","","","","","","","","","","","","","","","","","","","","","","","","","","","","","","","","","","","","","","","","","","","","","","","","","","","","","","","","","","","","","","","","","","","","","","","0.000","0.000","0.000","0.000","0.000","0.000","0.000","0.000","0.000","0.000","0.000","0.000","0.000","0.000","0.000","0.000","0.000","0.000","0.000","0.000","0.000","0.000","0.000","0.000","0.000","0.000","0.000","0.000","0.000","0.000","0.000"
"Cash and cash equivalents","-","-","-","-","-","-","-","-","-","-","-","-","-","-","-","-","10,105.531","11,984.648","14,040.135","14,093.433","17,512.185","13,626.580","17,261.891","12,287.736","17,010.240","14,473.429","18,042.010","15,912.096","12,042.631","8,568.299","8,568.299","","-","-","-","-","-","-","-","-","-","-","-","-","-","-","-","-","-","-","-","-","-","-","-","-","-","-","-","-","-","-","-","-","-","-","-","-","-","-","-","-","-","-","-","-","-","-","-","-","-","-","-","-","-","-","-","-","-","-","-","-","-","-","-","-","-","-","-","-","-","-","-","-","-","-","-","-","-","-","-","-","-","-","-","10,105.531","11,984.648","14,040.135","14,093.433","17,512.185","13,626.580","0.000","0.000","17,261.891","0.000","13,134.789","12,285.952","16,380.791","7,326.713","14,574.462","15,758.345","17,010.240","14,569.920","17,748.229","17,335.174","14,473.429","10,967.288","13,234.547","15,911.849","18,042.010","17,512.072","14,418.670","17,006.675","15,912.096","13,439.368","10,736.352","9,081.641","12,042.631","10,974.319","11,927.196","16,305.567","8,568.299"
"Money Market Investments","-","-","-","-","-","-","-","-","-","-","-","-","-","-","-","-","0.000","0.000","0.000","0.000","0.000","0.000","0.000","517.306","200.605","0.000","0.000","0.000","10.369","0.000","0.000","","-","-","-","-","-","-","-","-","-","-","-","-","-","-","-","-","-","-","-","-","-","-","-","-","-","-","-","-","-","-","-","-","-","-","-","-","-","-","-","-","-","-","-","-","-","-","-","-","-","-","-","-","-","-","-","-","-","-","-","-","-","-","-","-","-","-","-","-","-","-","-","-","-","-","-","-","-","-","-","-","-","-","-","0.000","0.000","0.000","0.000","0.000","0.000","0.000","0.000","0.000","0.000","508.787","0.000","378.010","378.010","99.321","0.000","200.605","265.432","155.771","47.222","0.000","0.000","14.987","186.653","0.000","212.658","56.732","0.000","0.000","0.000","0.000","0.000","10.369","0.000","0.000","0.000","0.000"
"Net Loan","-","-","-","-","-","-","-","-","-","-","-","-","-","-","-","-","40,099.556","44,860.468","47,610.755","52,574.320","56,947.831","64,425.920","69,378.824","43,974.489","48,670.092","53,446.736","55,811.065","57,642.781","62,048.183","68,413.202","68,413.202","","-","-","-","-","-","-","-","-","-","-","-","-","-","-","-","-","-","-","-","-","-","-","-","-","-","-","-","-","-","-","-","-","-","-","-","-","-","-","-","-","-","-","-","-","-","-","-","-","-","-","-","-","-","-","-","-","-","-","-","-","-","-","-","-","-","-","-","-","-","-","-","-","-","-","-","-","-","-","-","-","-","-","-","40,099.556","44,860.468","47,610.755","52,574.320","56,947.831","64,425.920","0.000","0.000","69,378.824","0.000","71,062.317","72,698.315","76,415.961","76,415.961","78,570.052","79,784.720","48,670.092","50,198.875","49,798.955","51,005.700","53,446.736","52,842.106","52,930.918","54,872.070","55,811.065","54,470.590","56,033.725","56,586.560","57,642.781","57,521.436","58,303.441","61,626.000","62,048.183","64,181.868","64,844.101","66,665.684","68,413.202"
"Securities & Investments","-","-","-","-","-","-","-","-","-","-","-","-","-","-","-","-","0.000","0.000","0.000","0.000","0.000","0.000","0.000","0.000","0.000","0.000","0.000","0.000","0.000","0.000","0.000","","-","-","-","-","-","-","-","-","-","-","-","-","-","-","-","-","-","-","-","-","-","-","-","-","-","-","-","-","-","-","-","-","-","-","-","-","-","-","-","-","-","-","-","-","-","-","-","-","-","-","-","-","-","-","-","-","-","-","-","-","-","-","-","-","-","-","-","-","-","-","-","-","-","-","-","-","-","-","-","-","-","-","-","0.000","0.000","0.000","0.000","0.000","0.000","0.000","0.000","0.000","0.000","0.000","0.000","0.000","0.000","0.000","0.000","0.000","0.000","0.000","0.000","0.000","0.000","0.000","0.000","0.000","0.000","0.000","0.000","0.000","0.000","0.000","0.000","0.000","0.000","0.000","0.000","0.000"
"  Accounts Receivable","-","-","-","-","-","-","-","-","-","-","-","-","-","-","-","-","0.000","0.000","0.000","0.000","0.000","0.000","0.000","0.000","0.000","0.000","0.000","0.000","0.000","0.000","0.000","","-","-","-","-","-","-","-","-","-","-","-","-","-","-","-","-","-","-","-","-","-","-","-","-","-","-","-","-","-","-","-","-","-","-","-","-","-","-","-","-","-","-","-","-","-","-","-","-","-","-","-","-","-","-","-","-","-","-","-","-","-","-","-","-","-","-","-","-","-","-","-","-","-","-","-","-","-","-","-","-","-","-","-","0.000","0.000","0.000","0.000","0.000","0.000","0.000","0.000","0.000","0.000","0.000","0.000","0.000","0.000","0.000","0.000","0.000","0.000","0.000","0.000","0.000","0.000","0.000","0.000","0.000","0.000","0.000","0.000","0.000","0.000","0.000","0.000","0.000","0.000","0.000","0.000","0.000"
"  Notes Receivable","-","-","-","-","-","-","-","-","-","-","-","-","-","-","-","-","0.000","0.000","0.000","0.000","0.000","0.000","0.000","0.000","0.000","0.000","0.000","0.000","0.000","0.000","0.000","","-","-","-","-","-","-","-","-","-","-","-","-","-","-","-","-","-","-","-","-","-","-","-","-","-","-","-","-","-","-","-","-","-","-","-","-","-","-","-","-","-","-","-","-","-","-","-","-","-","-","-","-","-","-","-","-","-","-","-","-","-","-","-","-","-","-","-","-","-","-","-","-","-","-","-","-","-","-","-","-","-","-","-","0.000","0.000","0.000","0.000","0.000","0.000","0.000","0.000","0.000","0.000","0.000","0.000","0.000","0.000","0.000","0.000","0.000","0.000","0.000","0.000","0.000","0.000","0.000","0.000","0.000","0.000","0.000","0.000","0.000","0.000","0.000","0.000","0.000","0.000","0.000","0.000","0.000"
"  Other Current Receivables","-","-","-","-","-","-","-","-","-","-","-","-","-","-","-","-","0.000","0.000","0.000","0.000","0.000","0.000","0.000","4,464.091","5,524.414","6,014.169","5,076.806","4,513.957","4,790.591","4,900.163","4,900.163","","-","-","-","-","-","-","-","-","-","-","-","-","-","-","-","-","-","-","-","-","-","-","-","-","-","-","-","-","-","-","-","-","-","-","-","-","-","-","-","-","-","-","-","-","-","-","-","-","-","-","-","-","-","-","-","-","-","-","-","-","-","-","-","-","-","-","-","-","-","-","-","-","-","-","-","-","-","-","-","-","-","-","-","0.000","0.000","0.000","0.000","0.000","0.000","0.000","0.000","0.000","0.000","0.000","0.000","4,464.091","0.000","0.000","0.000","5,524.414","5,467.071","5,377.107","5,879.237","6,014.169","5,328.321","4,972.044","5,457.028","5,076.806","5,646.290","6,260.154","5,411.273","4,513.957","4,484.125","4,317.900","4,832.699","4,790.591","5,140.951","4,744.374","4,478.644","4,900.163"
"Total Receivables","-","-","-","-","-","-","-","-","-","-","-","-","-","-","-","-","0.000","0.000","0.000","0.000","0.000","0.000","0.000","4,464.091","5,524.414","6,014.169","5,076.806","4,513.957","4,790.591","4,900.163","4,900.163","","-","-","-","-","-","-","-","-","-","-","-","-","-","-","-","-","-","-","-","-","-","-","-","-","-","-","-","-","-","-","-","-","-","-","-","-","-","-","-","-","-","-","-","-","-","-","-","-","-","-","-","-","-","-","-","-","-","-","-","-","-","-","-","-","-","-","-","-","-","-","-","-","-","-","-","-","-","-","-","-","-","-","-","0.000","0.000","0.000","0.000","0.000","0.000","0.000","0.000","0.000","0.000","0.000","0.000","4,464.091","0.000","0.000","0.000","5,524.414","5,467.071","5,377.107","5,879.237","6,014.169","5,328.321","4,972.044","5,457.028","5,076.806","5,646.290","6,260.154","5,411.273","4,513.957","4,484.125","4,317.900","4,832.699","4,790.591","5,140.951","4,744.374","4,478.644","4,900.163"
"Deferred Policy Acquisition Costs","-","-","-","-","-","-","-","-","-","-","-","-","-","-","-","-","0.000","0.000","0.000","0.000","0.000","0.000","0.000","0.000","0.000","0.000","0.000","0.000","0.000","0.000","0.000","","-","-","-","-","-","-","-","-","-","-","-","-","-","-","-","-","-","-","-","-","-","-","-","-","-","-","-","-","-","-","-","-","-","-","-","-","-","-","-","-","-","-","-","-","-","-","-","-","-","-","-","-","-","-","-","-","-","-","-","-","-","-","-","-","-","-","-","-","-","-","-","-","-","-","-","-","-","-","-","-","-","-","-","0.000","0.000","0.000","0.000","0.000","0.000","0.000","0.000","0.000","0.000","0.000","0.000","0.000","0.000","0.000","0.000","0.000","0.000","0.000","0.000","0.000","0.000","0.000","0.000","0.000","0.000","0.000","0.000","0.000","0.000","0.000","0.000","0.000","0.000","0.000","0.000","0.000"
"Property, Plant and Equipment","-","-","-","-","-","-","-","-","-","-","-","-","-","-","-","-","480.366","448.896","234.000","225.616","228.399","235.899","248.090","224.531","393.905","351.468","266.562","292.787","234.619","191.412","191.412","","-","-","-","-","-","-","-","-","-","-","-","-","-","-","-","-","-","-","-","-","-","-","-","-","-","-","-","-","-","-","-","-","-","-","-","-","-","-","-","-","-","-","-","-","-","-","-","-","-","-","-","-","-","-","-","-","-","-","-","-","-","-","-","-","-","-","-","-","-","-","-","-","-","-","-","-","-","-","-","-","-","-","-","480.366","448.896","234.000","225.616","228.399","235.899","0.000","0.000","248.090","0.000","225.762","225.385","184.936","184.936","339.609","350.128","393.905","386.683","388.342","395.195","351.468","351.920","339.522","340.982","266.562","281.300","296.976","299.198","292.787","271.889","248.265","246.819","234.619","228.882","221.970","211.364","191.412"
"Intangible Assets","-","-","-","-","-","-","-","-","-","-","-","-","-","-","-","-","523.046","564.059","588.442","1,801.985","1,808.101","1,825.492","1,833.210","1,954.799","3,351.507","3,383.662","3,348.121","3,369.998","3,444.004","3,426.051","3,426.051","","-","-","-","-","-","-","-","-","-","-","-","-","-","-","-","-","-","-","-","-","-","-","-","-","-","-","-","-","-","-","-","-","-","-","-","-","-","-","-","-","-","-","-","-","-","-","-","-","-","-","-","-","-","-","-","-","-","-","-","-","-","-","-","-","-","-","-","-","-","-","-","-","-","-","-","-","-","-","-","-","-","-","-","523.046","564.059","588.442","1,801.985","1,808.101","1,825.492","0.000","0.000","1,833.210","0.000","1,845.785","1,848.550","1,914.347","1,914.347","2,683.928","3,110.505","3,351.507","3,269.344","3,382.547","3,418.777","3,383.662","3,359.454","3,345.287","3,355.394","3,348.121","3,348.963","3,354.566","3,369.447","3,369.998","3,393.510","3,409.361","3,418.213","3,444.004","3,440.004","3,450.582","3,443.462","3,426.051"
"  Goodwill","-","-","-","-","-","-","-","-","-","-","-","-","-","-","-","-","523.050","0.000","0.000","0.000","0.000","0.000","0.000","1,734.370","2,840.850","2,838.980","2,811.040","2,811.040","2,809.720","0.000","0.000","","-","-","-","-","-","-","-","-","-","-","-","-","-","-","-","-","-","-","-","-","-","-","-","-","-","-","-","-","-","-","-","-","-","-","-","-","-","-","-","-","-","-","-","-","-","-","-","-","-","-","-","-","-","-","-","-","-","-","-","-","-","-","-","-","-","-","-","-","-","-","-","-","-","-","-","-","-","-","-","-","-","-","-","523.050","0.000","0.000","0.000","0.000","0.000","0.000","0.000","0.000","0.000","0.000","0.000","1,734.370","0.000","0.000","0.000","2,840.850","0.000","0.000","0.000","2,838.980","0.000","0.000","0.000","2,811.040","0.000","0.000","0.000","2,811.040","0.000","0.000","0.000","2,809.720","0.000","0.000","0.000","0.000"
"Other Assets for Banks","-","-","-","-","-","-","-","-","-","-","-","-","-","-","-","-","10,905.734","14,520.613","16,509.526","14,496.353","13,396.365","16,366.412","19,514.190","49,499.828","52,421.498","55,070.026","51,259.260","52,032.381","52,197.218","52,382.116","52,382.116","","-","-","-","-","-","-","-","-","-","-","-","-","-","-","-","-","-","-","-","-","-","-","-","-","-","-","-","-","-","-","-","-","-","-","-","-","-","-","-","-","-","-","-","-","-","-","-","-","-","-","-","-","-","-","-","-","-","-","-","-","-","-","-","-","-","-","-","-","-","-","-","-","-","-","-","-","-","-","-","-","-","-","-","10,905.734","14,520.613","16,509.526","14,496.353","13,396.365","16,366.412","0.000","0.000","19,514.190","0.000","20,960.549","20,171.653","15,986.967","29,505.136","27,048.052","23,701.142","52,421.498","53,089.578","52,114.355","52,938.882","55,070.026","51,808.352","49,297.915","50,077.766","51,259.260","50,222.659","52,981.251","52,962.173","52,032.381","50,752.731","47,408.532","49,999.251","52,197.218","52,157.561","49,721.593","51,694.012","52,382.116"
"Total Assets","-","-","-","-","-","-","-","-","-","-","-","-","-","-","-","-","62,114.233","72,378.684","78,982.858","83,191.707","89,892.881","96,480.303","108,236.205","112,922.780","127,572.261","132,739.490","133,803.824","133,764.000","134,767.615","137,881.243","137,881.243","","-","-","-","-","-","-","-","-","-","-","-","-","-","-","-","-","-","-","-","-","-","-","-","-","-","-","-","-","-","-","-","-","-","-","-","-","-","-","-","-","-","-","-","-","-","-","-","-","-","-","-","-","-","-","-","-","-","-","-","-","-","-","-","-","-","-","-","-","-","-","-","-","-","-","-","-","-","-","-","-","-","-","-","62,114.233","72,378.684","78,982.858","83,191.707","89,892.881","96,480.303","0.000","0.000","108,236.205","0.000","107,737.989","107,229.855","115,725.103","115,725.103","123,315.424","122,704.840","127,572.261","127,246.903","128,965.306","131,020.187","132,739.490","124,657.441","124,135.220","130,201.742","133,803.824","131,694.532","133,402.074","135,635.326","133,764.000","129,863.059","124,423.851","129,204.623","134,767.615","136,123.585","134,909.816","142,798.733","137,881.243"
"Total Deposits","-","-","-","-","-","-","-","-","-","-","-","-","-","-","-","-","46,633.871","53,558.965","59,823.001","62,886.140","70,266.915","73,189.388","78,838.618","81,025.770","87,119.270","93,721.508","94,372.165","92,076.345","95,662.299","99,350.360","99,350.360","","-","-","-","-","-","-","-","-","-","-","-","-","-","-","-","-","-","-","-","-","-","-","-","-","-","-","-","-","-","-","-","-","-","-","-","-","-","-","-","-","-","-","-","-","-","-","-","-","-","-","-","-","-","-","-","-","-","-","-","-","-","-","-","-","-","-","-","-","-","-","-","-","-","-","-","-","-","-","-","-","-","-","-","46,633.871","53,558.965","59,823.001","62,886.140","70,266.915","73,189.388","0.000","0.000","78,838.618","0.000","76,244.511","76,879.519","84,353.789","84,353.789","87,783.695","86,088.890","87,119.270","90,265.996","91,743.943","93,285.292","93,721.508","89,062.852","88,165.689","92,923.567","94,372.165","92,870.047","92,116.761","93,519.153","92,076.345","89,192.799","84,970.231","89,696.402","95,662.299","97,106.851","97,170.273","104,493.102","99,350.360"
"Accounts Payable & Accrued Expense","-","-","-","-","-","-","-","-","-","-","-","-","-","-","-","-","518.938","912.723","1,461.577","1,909.243","2,120.247","1,399.572","1,867.911","3,070.097","4,810.835","3,600.933","3,339.799","3,181.513","2,880.589","2,826.797","2,826.797","","-","-","-","-","-","-","-","-","-","-","-","-","-","-","-","-","-","-","-","-","-","-","-","-","-","-","-","-","-","-","-","-","-","-","-","-","-","-","-","-","-","-","-","-","-","-","-","-","-","-","-","-","-","-","-","-","-","-","-","-","-","-","-","-","-","-","-","-","-","-","-","-","-","-","-","-","-","-","-","-","-","-","-","518.938","912.723","1,461.577","1,909.243","2,120.247","1,399.572","0.000","0.000","1,867.911","0.000","1,024.022","730.672","1,434.823","0.000","1,849.864","1,531.378","4,810.835","3,381.207","3,419.469","3,542.475","3,600.933","3,121.588","2,739.097","3,118.206","3,339.799","3,512.506","3,431.851","3,383.078","3,181.513","2,770.908","2,700.927","2,664.499","2,880.589","2,927.781","2,991.284","2,726.626","2,826.797"
"Current Portion of Long-Term Debt","-","-","-","-","-","-","-","-","-","-","-","-","-","-","-","-","0.000","0.000","0.000","0.000","0.000","0.000","0.000","0.000","0.000","0.000","0.000","0.000","0.000","0.000","0.000","","-","-","-","-","-","-","-","-","-","-","-","-","-","-","-","-","-","-","-","-","-","-","-","-","-","-","-","-","-","-","-","-","-","-","-","-","-","-","-","-","-","-","-","-","-","-","-","-","-","-","-","-","-","-","-","-","-","-","-","-","-","-","-","-","-","-","-","-","-","-","-","-","-","-","-","-","-","-","-","-","-","-","-","0.000","0.000","0.000","0.000","0.000","0.000","0.000","0.000","0.000","0.000","0.000","0.000","0.000","0.000","0.000","0.000","0.000","0.000","0.000","0.000","0.000","0.000","0.000","0.000","0.000","0.000","0.000","0.000","0.000","0.000","0.000","0.000","0.000","0.000","0.000","0.000","0.000"
"Long-Term Debt & Capital Lease Obligation","-","-","-","-","-","-","-","-","-","-","-","-","-","-","-","-","5,719.197","2,081.870","2,847.536","5,778.653","4,008.728","3,883.036","4,616.437","9,850.502","12,426.001","11,411.598","12,882.927","12,701.691","11,350.110","8,909.217","8,909.217","","-","-","-","-","-","-","-","-","-","-","-","-","-","-","-","-","-","-","-","-","-","-","-","-","-","-","-","-","-","-","-","-","-","-","-","-","-","-","-","-","-","-","-","-","-","-","-","-","-","-","-","-","-","-","-","-","-","-","-","-","-","-","-","-","-","-","-","-","-","-","-","-","-","-","-","-","-","-","-","-","-","-","-","5,719.197","2,081.870","2,847.536","5,778.653","4,008.728","3,883.036","0.000","0.000","4,616.437","0.000","10,516.508","10,272.920","4,040.337","9,195.358","11,398.975","12,838.962","12,426.001","11,028.432","11,208.472","11,004.576","11,411.598","10,884.023","11,359.402","11,604.851","12,882.927","13,178.686","13,673.192","13,817.971","12,701.691","12,375.885","11,925.824","12,170.248","11,350.110","10,851.111","9,551.797","9,087.703","8,909.217"
"Other Liabilities for Banks","-","-","-","-","-","-","-","-","-","-","-","-","-","-","-","-","4,392.590","9,569.220","8,861.427","5,363.726","5,585.436","8,164.320","12,346.193","7,484.457","10,274.825","9,911.062","7,701.509","9,685.063","7,721.733","9,134.859","9,134.859","","-","-","-","-","-","-","-","-","-","-","-","-","-","-","-","-","-","-","-","-","-","-","-","-","-","-","-","-","-","-","-","-","-","-","-","-","-","-","-","-","-","-","-","-","-","-","-","-","-","-","-","-","-","-","-","-","-","-","-","-","-","-","-","-","-","-","-","-","-","-","-","-","-","-","-","-","-","-","-","-","-","-","-","4,392.590","9,569.220","8,861.427","5,363.726","5,585.436","8,164.320","0.000","0.000","12,346.193","0.000","9,036.724","8,234.807","13,990.270","10,270.072","9,540.980","9,331.658","10,274.825","8,933.719","9,015.859","9,412.352","9,911.062","6,761.809","7,057.453","7,657.760","7,701.509","6,339.856","8,439.337","9,108.866","9,685.063","9,043.755","8,259.544","7,994.207","7,721.733","7,847.377","7,841.909","9,087.479","9,134.859"
"Total Liabilities","-","-","-","-","-","-","-","-","-","-","-","-","-","-","-","-","57,264.596","66,122.778","72,993.541","75,937.762","81,981.326","86,636.316","97,669.159","101,430.826","114,630.931","118,645.101","118,296.400","117,644.612","117,614.731","120,221.233","120,221.233","","-","-","-","-","-","-","-","-","-","-","-","-","-","-","-","-","-","-","-","-","-","-","-","-","-","-","-","-","-","-","-","-","-","-","-","-","-","-","-","-","-","-","-","-","-","-","-","-","-","-","-","-","-","-","-","-","-","-","-","-","-","-","-","-","-","-","-","-","-","-","-","-","-","-","-","-","-","-","-","-","-","-","-","57,264.596","66,122.778","72,993.541","75,937.762","81,981.326","86,636.316","0.000","0.000","97,669.159","0.000","96,821.765","96,117.918","103,819.219","103,819.219","110,573.514","109,790.888","114,630.931","113,609.354","115,387.743","117,244.695","118,645.101","109,830.272","109,321.641","115,304.384","118,296.400","115,901.095","117,661.141","119,829.068","117,644.612","113,383.347","107,856.526","112,525.356","117,614.731","118,733.120","117,555.263","125,394.910","120,221.233"
"Common Stock","-","-","-","-","-","-","-","-","-","-","-","-","-","-","-","-","2,130.534","2,130.534","2,130.565","2,722.970","2,722.970","3,014.185","3,014.185","3,014.185","3,014.185","3,014.185","3,014.185","3,014.185","5,551.557","0.000","0.000","","-","-","-","-","-","-","-","-","-","-","-","-","-","-","-","-","-","-","-","-","-","-","-","-","-","-","-","-","-","-","-","-","-","-","-","-","-","-","-","-","-","-","-","-","-","-","-","-","-","-","-","-","-","-","-","-","-","-","-","-","-","-","-","-","-","-","-","-","-","-","-","-","-","-","-","-","-","-","-","-","-","-","-","2,130.534","2,130.534","2,130.565","2,722.970","2,722.970","3,014.185","0.000","0.000","3,014.185","0.000","3,014.185","3,014.185","3,014.185","3,014.185","3,014.185","3,014.185","3,014.185","3,014.185","3,014.185","3,014.185","3,014.185","3,014.185","3,014.185","3,014.185","3,014.185","3,014.185","3,014.185","3,014.185","3,014.185","3,014.185","3,014.185","3,014.185","5,551.557","5,551.557","5,551.557","0.000","0.000"
"Preferred Stock","-","-","-","-","-","-","-","-","-","-","-","-","-","-","-","-","0.000","0.000","0.000","0.000","0.000","0.000","0.000","0.000","0.000","0.000","0.000","0.000","0.000","0.000","0.000","","-","-","-","-","-","-","-","-","-","-","-","-","-","-","-","-","-","-","-","-","-","-","-","-","-","-","-","-","-","-","-","-","-","-","-","-","-","-","-","-","-","-","-","-","-","-","-","-","-","-","-","-","-","-","-","-","-","-","-","-","-","-","-","-","-","-","-","-","-","-","-","-","-","-","-","-","-","-","-","-","-","-","-","0.000","0.000","0.000","0.000","0.000","0.000","0.000","0.000","0.000","0.000","0.000","0.000","0.000","0.000","0.000","0.000","0.000","0.000","0.000","0.000","0.000","0.000","0.000","0.000","0.000","0.000","0.000","0.000","0.000","0.000","0.000","0.000","0.000","0.000","0.000","0.000","0.000"
"Retained Earnings","-","-","-","-","-","-","-","-","-","-","-","-","-","-","-","-","0.000","0.000","0.000","0.000","0.000","0.000","0.000","3,664.064","4,506.179","5,527.704","6,830.180","7,539.092","8,173.314","0.000","9,978.920","","-","-","-","-","-","-","-","-","-","-","-","-","-","-","-","-","-","-","-","-","-","-","-","-","-","-","-","-","-","-","-","-","-","-","-","-","-","-","-","-","-","-","-","-","-","-","-","-","-","-","-","-","-","-","-","-","-","-","-","-","-","-","-","-","-","-","-","-","-","-","-","-","-","-","-","-","-","-","-","-","-","-","-","0.000","0.000","0.000","0.000","0.000","0.000","0.000","0.000","0.000","0.000","0.000","0.000","3,664.064","0.000","0.000","0.000","4,506.179","4,917.843","4,865.868","5,060.141","5,527.704","6,389.485","6,316.813","6,359.527","6,830.180","7,155.845","7,073.720","7,226.346","7,539.092","7,861.814","7,889.364","7,961.988","8,173.314","10,388.343","9,933.683","9,978.920","0.000"
"Accumulated other comprehensive income (loss)","-","-","-","-","-","-","-","-","-","-","-","-","-","-","-","-","0.000","0.000","0.000","0.000","0.000","0.000","0.000","0.000","0.000","0.000","0.000","0.000","0.000","0.000","0.000","","-","-","-","-","-","-","-","-","-","-","-","-","-","-","-","-","-","-","-","-","-","-","-","-","-","-","-","-","-","-","-","-","-","-","-","-","-","-","-","-","-","-","-","-","-","-","-","-","-","-","-","-","-","-","-","-","-","-","-","-","-","-","-","-","-","-","-","-","-","-","-","-","-","-","-","-","-","-","-","-","-","-","-","0.000","0.000","0.000","0.000","0.000","0.000","0.000","0.000","0.000","0.000","0.000","0.000","0.000","0.000","0.000","0.000","0.000","0.000","0.000","0.000","0.000","0.000","0.000","0.000","0.000","0.000","0.000","0.000","0.000","0.000","0.000","0.000","0.000","0.000","0.000","0.000","0.000"
"Additional Paid-In Capital","-","-","-","-","-","-","-","-","-","-","-","-","-","-","-","-","0.000","0.000","0.000","0.000","0.000","0.000","0.000","2,537.372","2,537.372","2,537.372","2,537.372","2,537.372","0.000","5,551.557","5,551.557","","-","-","-","-","-","-","-","-","-","-","-","-","-","-","-","-","-","-","-","-","-","-","-","-","-","-","-","-","-","-","-","-","-","-","-","-","-","-","-","-","-","-","-","-","-","-","-","-","-","-","-","-","-","-","-","-","-","-","-","-","-","-","-","-","-","-","-","-","-","-","-","-","-","-","-","-","-","-","-","-","-","-","-","0.000","0.000","0.000","0.000","0.000","0.000","0.000","0.000","0.000","0.000","0.000","0.000","2,537.372","0.000","0.000","0.000","2,537.372","2,537.372","2,537.372","2,537.372","2,537.372","2,537.372","2,537.372","2,537.372","2,537.372","2,537.372","2,537.372","2,537.372","2,537.372","2,537.372","2,537.372","2,537.372","0.000","0.000","0.000","5,551.557","5,551.557"
"Treasury Stock","-","-","-","-","-","-","-","-","-","-","-","-","-","-","-","-","0.000","0.000","0.000","0.000","0.000","0.000","0.000","0.000","0.000","0.000","0.000","0.000","0.000","0.000","0.000","","-","-","-","-","-","-","-","-","-","-","-","-","-","-","-","-","-","-","-","-","-","-","-","-","-","-","-","-","-","-","-","-","-","-","-","-","-","-","-","-","-","-","-","-","-","-","-","-","-","-","-","-","-","-","-","-","-","-","-","-","-","-","-","-","-","-","-","-","-","-","-","-","-","-","-","-","-","-","-","-","-","-","-","0.000","0.000","0.000","0.000","0.000","0.000","0.000","0.000","0.000","0.000","0.000","0.000","0.000","0.000","0.000","0.000","0.000","0.000","0.000","0.000","0.000","0.000","0.000","0.000","0.000","0.000","0.000","0.000","0.000","0.000","0.000","0.000","0.000","0.000","0.000","0.000","0.000"
"Total Stockholders Equity","-","-","-","-","-","-","-","-","-","-","-","-","-","-","-","-","4,813.290","5,147.086","4,787.801","7,169.593","7,736.093","9,637.713","10,308.924","11,111.089","12,067.736","13,142.941","14,455.145","15,168.478","16,027.068","16,515.605","16,515.605","","-","-","-","-","-","-","-","-","-","-","-","-","-","-","-","-","-","-","-","-","-","-","-","-","-","-","-","-","-","-","-","-","-","-","-","-","-","-","-","-","-","-","-","-","-","-","-","-","-","-","-","-","-","-","-","-","-","-","-","-","-","-","-","-","-","-","-","-","-","-","-","-","-","-","-","-","-","-","-","-","-","-","-","4,813.290","5,147.086","4,787.801","7,169.593","7,736.093","9,637.713","0.000","0.000","10,308.924","0.000","10,631.821","10,778.733","11,522.814","11,522.814","11,556.604","11,740.159","12,067.736","12,510.502","12,453.627","12,636.530","13,142.941","13,858.082","13,821.550","13,876.745","14,455.145","14,836.620","14,759.277","14,887.349","15,168.478","15,497.026","15,566.300","15,674.659","16,027.068","16,328.747","16,268.188","16,303.798","16,515.605"
"Minority Interest","-","-","-","-","-","-","-","-","-","-","-","-","-","-","-","-","36.347","1,108.820","1,201.516","84.352","175.462","206.274","258.122","380.865","873.594","951.448","1,052.279","950.910","1,125.816","1,144.405","1,144.405","","-","-","-","-","-","-","-","-","-","-","-","-","-","-","-","-","-","-","-","-","-","-","-","-","-","-","-","-","-","-","-","-","-","-","-","-","-","-","-","-","-","-","-","-","-","-","-","-","-","-","-","-","-","-","-","-","-","-","-","-","-","-","-","-","-","-","-","-","-","-","-","-","-","-","-","-","-","-","-","-","-","-","-","36.347","1,108.820","1,201.516","84.352","175.462","206.274","0.000","0.000","258.122","0.000","284.403","333.204","383.070","383.070","1,185.306","1,173.793","873.594","1,127.047","1,123.936","1,138.962","951.448","969.087","992.029","1,020.613","1,052.279","956.817","981.656","918.909","950.910","982.686","1,001.025","1,004.608","1,125.816","1,061.718","1,086.365","1,100.025","1,144.405"
"Total Equity","-","-","-","-","-","-","-","-","-","-","-","-","-","-","-","-","4,849.637","6,255.906","5,989.317","7,253.945","7,911.555","9,843.987","10,567.046","11,491.954","12,941.330","14,094.389","15,507.424","16,119.388","17,152.884","17,660.010","17,660.010","","-","-","-","-","-","-","-","-","-","-","-","-","-","-","-","-","-","-","-","-","-","-","-","-","-","-","-","-","-","-","-","-","-","-","-","-","-","-","-","-","-","-","-","-","-","-","-","-","-","-","-","-","-","-","-","-","-","-","-","-","-","-","-","-","-","-","-","-","-","-","-","-","-","-","-","-","-","-","-","-","-","-","-","4,849.637","6,255.906","5,989.317","7,253.945","7,911.555","9,843.987","0.000","0.000","10,567.046","0.000","10,916.224","11,111.937","11,905.884","11,905.884","12,741.910","12,913.952","12,941.330","13,637.549","13,577.563","13,775.492","14,094.389","14,827.169","14,813.579","14,897.358","15,507.424","15,793.437","15,740.933","15,806.258","16,119.388","16,479.712","16,567.325","16,679.267","17,152.884","17,390.465","17,354.553","17,403.823","17,660.010"
"  Net Income","-","-","-","-","-","-","-","-","-","-","-","-","-","-","-","-","287.935","513.409","-128.897","810.819","878.254","1,042.608","1,391.150","1,484.416","1,620.724","1,782.380","1,918.630","1,302.206","1,324.607","1,132.131","1,132.131","","-","-","-","-","-","-","-","-","-","-","-","-","-","-","-","-","-","-","-","-","-","-","-","-","-","-","-","-","-","-","-","-","-","-","-","-","-","-","-","-","-","-","-","-","-","-","-","-","-","-","-","-","-","-","-","-","-","-","-","-","-","-","-","-","-","-","-","-","-","-","-","-","-","-","-","-","-","-","-","-","-","-","-","0.000","0.000","0.000","0.000","0.000","0.000","332.872","325.311","364.684","429.009","360.070","346.183","448.577","442.875","380.444","396.208","401.197","461.982","440.857","415.833","463.708","536.940","445.819","416.647","519.224","339.511","382.518","300.153","280.024","323.000","352.626","313.167","335.814","328.273","331.466","218.978","253.414"
"  Net Foreign Currency Exchange Gain","-","-","-","-","-","-","-","-","-","-","-","-","-","-","-","-","0.000","0.000","0.000","0.000","0.000","0.000","0.000","0.000","0.000","0.000","0.000","0.000","0.000","0.000","0.000","","-","-","-","-","-","-","-","-","-","-","-","-","-","-","-","-","-","-","-","-","-","-","-","-","-","-","-","-","-","-","-","-","-","-","-","-","-","-","-","-","-","-","-","-","-","-","-","-","-","-","-","-","-","-","-","-","-","-","-","-","-","-","-","-","-","-","-","-","-","-","-","-","-","-","-","-","-","-","-","-","-","-","-","0.000","0.000","0.000","0.000","0.000","0.000","0.000","0.000","0.000","0.000","0.000","0.000","0.000","0.000","0.000","0.000","0.000","0.000","0.000","0.000","0.000","0.000","0.000","0.000","0.000","0.000","0.000","0.000","0.000","0.000","0.000","0.000","0.000","0.000","0.000","0.000","0.000"
"Net Income From Continuing Operations","-","-","-","-","-","-","-","-","-","-","-","-","-","-","-","-","492.567","757.842","-84.612","1,194.437","1,217.636","1,376.659","1,865.124","2,033.614","2,138.987","2,448.238","2,604.280","1,731.012","1,801.190","1,542.713","1,542.713","","-","-","-","-","-","-","-","-","-","-","-","-","-","-","-","-","-","-","-","-","-","-","-","-","-","-","-","-","-","-","-","-","-","-","-","-","-","-","-","-","-","-","-","-","-","-","-","-","-","-","-","-","-","-","-","-","-","-","-","-","-","-","-","-","-","-","-","-","-","-","-","-","-","-","-","-","-","-","-","-","-","-","-","0.000","0.000","0.000","0.000","0.000","0.000","344.618","458.165","425.534","439.288","369.034","470.376","622.518","616.326","534.057","517.910","470.694","637.283","600.444","615.091","595.420","725.785","621.247","588.874","668.374","482.396","500.977","405.770","341.869","479.380","472.156","408.910","440.744","449.105","432.180","301.740","359.688"
"Depreciation, Depletion and Amortization","-","-","-","-","-","-","-","-","-","-","-","-","-","-","-","-","82.461","95.056","58.078","57.444","78.056","85.772","87.811","101.216","162.310","163.816","147.631","155.129","160.347","179.561","179.561","","-","-","-","-","-","-","-","-","-","-","-","-","-","-","-","-","-","-","-","-","-","-","-","-","-","-","-","-","-","-","-","-","-","-","-","-","-","-","-","-","-","-","-","-","-","-","-","-","-","-","-","-","-","-","-","-","-","-","-","-","-","-","-","-","-","-","-","-","-","-","-","-","-","-","-","-","-","-","-","-","-","-","-","0.000","0.000","0.000","0.000","0.000","0.000","19.789","23.362","0.000","22.645","23.510","23.306","31.755","26.555","27.136","55.278","53.341","44.223","38.539","39.823","41.230","36.992","36.167","35.563","38.909","33.608","34.996","36.377","43.886","38.954","39.838","39.866","41.689","42.319","38.408","40.205","58.629"
"  Change In Receivables","-","-","-","-","-","-","-","-","-","-","-","-","-","-","-","-","0.000","0.000","0.000","0.000","0.000","0.000","0.000","0.000","0.000","0.000","0.000","0.000","0.000","0.000","0.000","","-","-","-","-","-","-","-","-","-","-","-","-","-","-","-","-","-","-","-","-","-","-","-","-","-","-","-","-","-","-","-","-","-","-","-","-","-","-","-","-","-","-","-","-","-","-","-","-","-","-","-","-","-","-","-","-","-","-","-","-","-","-","-","-","-","-","-","-","-","-","-","-","-","-","-","-","-","-","-","-","-","-","-","0.000","0.000","0.000","0.000","0.000","0.000","0.000","0.000","0.000","0.000","0.000","0.000","0.000","0.000","0.000","0.000","0.000","0.000","0.000","0.000","0.000","0.000","0.000","0.000","0.000","0.000","0.000","0.000","0.000","0.000","0.000","0.000","0.000","0.000","0.000","0.000","0.000"
"  Change In Inventory","-","-","-","-","-","-","-","-","-","-","-","-","-","-","-","-","0.000","0.000","0.000","0.000","0.000","0.000","0.000","0.000","0.000","0.000","0.000","0.000","0.000","0.000","0.000","","-","-","-","-","-","-","-","-","-","-","-","-","-","-","-","-","-","-","-","-","-","-","-","-","-","-","-","-","-","-","-","-","-","-","-","-","-","-","-","-","-","-","-","-","-","-","-","-","-","-","-","-","-","-","-","-","-","-","-","-","-","-","-","-","-","-","-","-","-","-","-","-","-","-","-","-","-","-","-","-","-","-","-","0.000","0.000","0.000","0.000","0.000","0.000","0.000","0.000","0.000","0.000","0.000","0.000","0.000","0.000","0.000","0.000","0.000","0.000","0.000","0.000","0.000","0.000","0.000","0.000","0.000","0.000","0.000","0.000","0.000","0.000","0.000","0.000","0.000","0.000","0.000","0.000","0.000"
"  Change In Prepaid Assets","-","-","-","-","-","-","-","-","-","-","-","-","-","-","-","-","0.000","0.000","0.000","0.000","0.000","0.000","0.000","0.000","0.000","0.000","0.000","0.000","0.000","0.000","0.000","","-","-","-","-","-","-","-","-","-","-","-","-","-","-","-","-","-","-","-","-","-","-","-","-","-","-","-","-","-","-","-","-","-","-","-","-","-","-","-","-","-","-","-","-","-","-","-","-","-","-","-","-","-","-","-","-","-","-","-","-","-","-","-","-","-","-","-","-","-","-","-","-","-","-","-","-","-","-","-","-","-","-","-","0.000","0.000","0.000","0.000","0.000","0.000","0.000","0.000","0.000","0.000","0.000","0.000","0.000","0.000","0.000","0.000","0.000","0.000","0.000","0.000","0.000","0.000","0.000","0.000","0.000","0.000","0.000","0.000","0.000","0.000","0.000","0.000","0.000","0.000","0.000","0.000","0.000"
"  Change In Payables And Accrued Expense","-","-","-","-","-","-","-","-","-","-","-","-","-","-","-","-","0.000","0.000","0.000","0.000","0.000","0.000","0.000","0.000","0.000","0.000","0.000","0.000","0.000","0.000","0.000","","-","-","-","-","-","-","-","-","-","-","-","-","-","-","-","-","-","-","-","-","-","-","-","-","-","-","-","-","-","-","-","-","-","-","-","-","-","-","-","-","-","-","-","-","-","-","-","-","-","-","-","-","-","-","-","-","-","-","-","-","-","-","-","-","-","-","-","-","-","-","-","-","-","-","-","-","-","-","-","-","-","-","-","0.000","0.000","0.000","0.000","0.000","0.000","0.000","0.000","0.000","0.000","0.000","0.000","0.000","0.000","0.000","0.000","0.000","0.000","0.000","0.000","0.000","0.000","0.000","0.000","0.000","0.000","0.000","0.000","0.000","0.000","0.000","0.000","0.000","0.000","0.000","0.000","0.000"
"Change In Working Capital","-","-","-","-","-","-","-","-","-","-","-","-","-","-","-","-","-1,996.464","-523.411","-456.039","-3,055.293","8,453.073","-5,539.134","-699.923","-8,930.468","7,846.248","128.354","-469.348","190.372","-6,438.483","-7,165.394","-7,165.394","","-","-","-","-","-","-","-","-","-","-","-","-","-","-","-","-","-","-","-","-","-","-","-","-","-","-","-","-","-","-","-","-","-","-","-","-","-","-","-","-","-","-","-","-","-","-","-","-","-","-","-","-","-","-","-","-","-","-","-","-","-","-","-","-","-","-","-","-","-","-","-","-","-","-","-","-","-","-","-","-","-","-","-","0.000","0.000","0.000","0.000","0.000","0.000","0.000","0.000","0.000","-841.676","-5,790.859","-1,752.439","1,746.679","797.363","1,580.368","845.040","4,623.477","-493.998","3,823.000","-2,915.813","-284.835","-3,800.629","-202.496","465.200","3,068.577","823.164","-1,727.379","3,073.444","-1,978.857","-4,488.452","-3,576.283","-690.989","2,317.241","-1,659.692","709.985","5,616.369","-11,832.056"
"Change In DeferredTax","-","-","-","-","-","-","-","-","-","-","-","-","-","-","-","-","0.000","0.000","0.000","0.000","0.000","0.000","0.000","0.000","0.000","0.000","0.000","0.000","0.000","0.000","0.000","","-","-","-","-","-","-","-","-","-","-","-","-","-","-","-","-","-","-","-","-","-","-","-","-","-","-","-","-","-","-","-","-","-","-","-","-","-","-","-","-","-","-","-","-","-","-","-","-","-","-","-","-","-","-","-","-","-","-","-","-","-","-","-","-","-","-","-","-","-","-","-","-","-","-","-","-","-","-","-","-","-","-","-","0.000","0.000","0.000","0.000","0.000","0.000","0.000","0.000","0.000","0.000","0.000","0.000","0.000","0.000","0.000","0.000","0.000","0.000","0.000","0.000","0.000","0.000","0.000","0.000","0.000","0.000","0.000","0.000","0.000","0.000","0.000","0.000","0.000","0.000","0.000","0.000","0.000"
"Stock Based Compensation","-","-","-","-","-","-","-","-","-","-","-","-","-","-","-","-","0.000","0.000","0.000","0.000","0.000","0.000","0.000","39.750","51.380","35.950","31.390","11.040","-10.610","0.000","0.000","","-","-","-","-","-","-","-","-","-","-","-","-","-","-","-","-","-","-","-","-","-","-","-","-","-","-","-","-","-","-","-","-","-","-","-","-","-","-","-","-","-","-","-","-","-","-","-","-","-","-","-","-","-","-","-","-","-","-","-","-","-","-","-","-","-","-","-","-","-","-","-","-","-","-","-","-","-","-","-","-","-","-","-","0.000","0.000","0.000","0.000","0.000","0.000","0.000","0.000","0.000","0.000","0.000","0.000","0.000","0.000","0.000","0.000","0.000","0.000","0.000","0.000","0.000","0.000","0.000","0.000","0.000","0.000","0.000","0.000","0.000","0.000","0.000","0.000","0.000","0.000","0.000","0.000","0.000"
"Cash Flow from Discontinued Operations","-","-","-","-","-","-","-","-","-","-","-","-","-","-","-","-","0.000","0.000","0.000","0.000","0.000","0.000","0.000","0.000","0.000","0.000","0.000","0.000","0.000","0.000","0.000","","-","-","-","-","-","-","-","-","-","-","-","-","-","-","-","-","-","-","-","-","-","-","-","-","-","-","-","-","-","-","-","-","-","-","-","-","-","-","-","-","-","-","-","-","-","-","-","-","-","-","-","-","-","-","-","-","-","-","-","-","-","-","-","-","-","-","-","-","-","-","-","-","-","-","-","-","-","-","-","-","-","-","-","0.000","0.000","0.000","0.000","0.000","0.000","0.000","0.000","0.000","0.000","0.000","0.000","0.000","0.000","0.000","0.000","0.000","0.000","0.000","0.000","0.000","0.000","0.000","0.000","0.000","0.000","0.000","0.000","0.000","0.000","0.000","0.000","0.000","0.000","0.000","0.000","0.000"
"Cash Flow from Others","-","-","-","-","-","-","-","-","-","-","-","-","-","-","-","-","641.424","509.806","1,420.293","380.404","552.693","347.509","-275.069","-632.201","-903.121","-53.124","-526.259","-134.237","-300.937","46.129","46.129","","-","-","-","-","-","-","-","-","-","-","-","-","-","-","-","-","-","-","-","-","-","-","-","-","-","-","-","-","-","-","-","-","-","-","-","-","-","-","-","-","-","-","-","-","-","-","-","-","-","-","-","-","-","-","-","-","-","-","-","-","-","-","-","-","-","-","-","-","-","-","-","-","-","-","-","-","-","-","-","-","-","-","-","0.000","0.000","0.000","0.000","0.000","0.000","0.000","0.000","0.000","828.616","-921.130","-87.522","-278.635","-243.313","-178.476","-243.326","-186.626","-294.846","-215.130","371.077","121.726","-508.709","-342.983","273.346","83.477","-553.907","-184.838","656.531","-34.721","-123.788","-93.978","152.430","-246.211","180.979","3.557","29.908","-168.315"
"Cash Flow from Operations","-","-","-","-","-","-","-","-","-","-","-","-","-","-","-","-","-780.012","839.293","937.720","-1,423.008","10,301.458","-3,729.194","977.943","-7,388.089","9,295.804","2,723.234","1,787.694","1,953.316","-4,788.493","-5,396.991","-5,396.991","","-","-","-","-","-","-","-","-","-","-","-","-","-","-","-","-","-","-","-","-","-","-","-","-","-","-","-","-","-","-","-","-","-","-","-","-","-","-","-","-","-","-","-","-","-","-","-","-","-","-","-","-","-","-","-","-","-","-","-","-","-","-","-","-","-","-","-","-","-","-","-","-","-","-","-","-","-","-","-","-","-","-","-","0.000","0.000","0.000","0.000","0.000","0.000","0.000","0.000","0.000","448.873","-6,319.445","-1,346.279","2,122.317","1,196.931","1,963.085","1,174.902","4,960.886","-107.338","4,246.853","-1,889.822","473.541","-3,546.561","111.935","1,362.983","3,859.337","785.261","-1,376.244","4,172.122","-1,627.823","-4,093.906","-3,158.267","-89.783","2,553.463","-987.289","1,184.130","5,988.222","-11,582.054"
"Purchase Of Property, Plant, Equipment","-","-","-","-","-","-","-","-","-","-","-","-","-","-","-","-","-67.004","-70.992","-45.662","-63.445","-81.880","-122.199","-80.659","-43.898","-62.870","-74.119","-75.876","-114.240","-71.543","-126.873","-126.873","","-","-","-","-","-","-","-","-","-","-","-","-","-","-","-","-","-","-","-","-","-","-","-","-","-","-","-","-","-","-","-","-","-","-","-","-","-","-","-","-","-","-","-","-","-","-","-","-","-","-","-","-","-","-","-","-","-","-","-","-","-","-","-","-","-","-","-","-","-","-","-","-","-","-","-","-","-","-","-","-","-","-","-","0.000","0.000","0.000","0.000","0.000","0.000","0.000","0.000","0.000","-15.867","-10.908","1.290","-13.209","-9.414","-29.059","-54.116","-58.624","-48.569","-57.696","-85.326","117.472","-37.757","-19.608","-49.175","30.664","-65.975","-67.356","-57.536","76.627","-44.488","-50.306","-43.232","-73.063","-35.215","-44.049","-23.952","-23.657"
"Sale Of Property, Plant, Equipment","-","-","-","-","-","-","-","-","-","-","-","-","-","-","-","-","23.912","2.017","10.311","0.900","2.346","6.197","1.859","1.200","1.012","1.136","0.429","91.807","41.990","22.623","22.623","","-","-","-","-","-","-","-","-","-","-","-","-","-","-","-","-","-","-","-","-","-","-","-","-","-","-","-","-","-","-","-","-","-","-","-","-","-","-","-","-","-","-","-","-","-","-","-","-","-","-","-","-","-","-","-","-","-","-","-","-","-","-","-","-","-","-","-","-","-","-","-","-","-","-","-","-","-","-","-","-","-","-","-","0.000","0.000","0.000","0.000","0.000","0.000","0.000","0.000","0.000","0.245","-0.181","0.883","0.050","0.050","0.526","0.025","0.411","0.539","0.308","0.068","0.221","0.068","-0.003","0.230","0.134","2.282","4.810","83.900","0.815","0.434","29.405","-0.002","12.153","18.937","2.442","0.193","1.051"
"Purchase Of Business","-","-","-","-","-","-","-","-","-","-","-","-","-","-","-","-","-53.984","-0.105","-1.353","-2,399.594","-0.592","-0.365","0.000","0.000","-2,161.389","0.000","0.000","-55.221","0.000","-3.500","3.894","","-","-","-","-","-","-","-","-","-","-","-","-","-","-","-","-","-","-","-","-","-","-","-","-","-","-","-","-","-","-","-","-","-","-","-","-","-","-","-","-","-","-","-","-","-","-","-","-","-","-","-","-","-","-","-","-","-","-","-","-","-","-","-","-","-","-","-","-","-","-","-","-","-","-","-","-","-","-","-","-","-","-","-","0.000","0.000","0.000","0.000","0.000","0.000","0.000","0.000","0.000","0.000","0.000","0.000","0.000","0.000","0.000","0.000","0.000","0.000","0.000","0.000","0.000","0.000","0.000","0.000","0.000","-53.538","13.317","0.000","-15.000","-3.883","-0.011","0.000","3.894","0.000","0.000","0.000","0.000"
"Sale Of Business","-","-","-","-","-","-","-","-","-","-","-","-","-","-","-","-","0.000","64.400","0.422","0.000","0.000","0.000","0.000","0.000","0.000","0.000","653.038","0.000","-3.894","0.000","0.000","","-","-","-","-","-","-","-","-","-","-","-","-","-","-","-","-","-","-","-","-","-","-","-","-","-","-","-","-","-","-","-","-","-","-","-","-","-","-","-","-","-","-","-","-","-","-","-","-","-","-","-","-","-","-","-","-","-","-","-","-","-","-","-","-","-","-","-","-","-","-","-","-","-","-","-","-","-","-","-","-","-","-","-","0.000","0.000","0.000","0.000","0.000","0.000","0.000","0.000","0.000","0.000","0.000","0.000","0.000","0.000","0.000","0.000","0.000","0.000","0.000","0.000","0.000","0.000","0.000","0.000","0.000","0.000","0.000","0.000","0.000","0.000","0.000","0.000","0.000","0.000","0.000","0.000","0.000"
"Purchase Of Investment","-","-","-","-","-","-","-","-","-","-","-","-","-","-","-","-","0.000","-412.699","-1.554","-0.818","-3,676.857","-2,125.131","0.000","0.000","-3,569.026","-3,826.643","-378.193","-1,420.066","-1,424.976","0.000","-350.515","","-","-","-","-","-","-","-","-","-","-","-","-","-","-","-","-","-","-","-","-","-","-","-","-","-","-","-","-","-","-","-","-","-","-","-","-","-","-","-","-","-","-","-","-","-","-","-","-","-","-","-","-","-","-","-","-","-","-","-","-","-","-","-","-","-","-","-","-","-","-","-","-","-","-","-","-","-","-","-","-","-","-","-","0.000","0.000","0.000","0.000","0.000","0.000","0.000","0.000","0.000","0.000","0.000","0.000","0.000","0.000","0.000","0.000","0.000","-55.455","-1,071.310","481.252","-3,181.130","-500.831","0.000","0.000","0.000","-128.246","-1,698.385","-557.942","964.507","-80.000","-50.000","-944.461","-350.515","0.000","0.000","0.000","0.000"
"Sale Of Investment","-","-","-","-","-","-","-","-","-","-","-","-","-","-","-","-","2,543.118","0.000","67.560","1,184.502","0.000","0.000","1,543.978","2,049.222","0.000","0.000","1,379.430","0.000","3,380.098","2,027.321","2,027.321","","-","-","-","-","-","-","-","-","-","-","-","-","-","-","-","-","-","-","-","-","-","-","-","-","-","-","-","-","-","-","-","-","-","-","-","-","-","-","-","-","-","-","-","-","-","-","-","-","-","-","-","-","-","-","-","-","-","-","-","-","-","-","-","-","-","-","-","-","-","-","-","-","-","-","-","-","-","-","-","-","-","-","-","0.000","0.000","0.000","0.000","0.000","0.000","0.000","0.000","0.000","0.000","0.000","0.000","0.000","0.000","0.000","0.000","0.000","0.000","0.000","0.000","0.000","661.193","2,161.345","-691.000","-752.108","3.544","0.000","0.000","0.000","1,330.164","2,224.382","-643.080","468.632","108.146","97.993","-156.992","1,978.174"
"Net Intangibles Purchase And Sale","-","-","-","-","-","-","-","-","-","-","-","-","-","-","-","-","0.000","-22.655","-39.098","-15.269","-11.028","-46.915","-28.095","-82.263","-108.971","-156.895","-86.020","-130.354","-139.546","0.000","0.000","","-","-","-","-","-","-","-","-","-","-","-","-","-","-","-","-","-","-","-","-","-","-","-","-","-","-","-","-","-","-","-","-","-","-","-","-","-","-","-","-","-","-","-","-","-","-","-","-","-","-","-","-","-","-","-","-","-","-","-","-","-","-","-","-","-","-","-","-","-","-","-","-","-","-","-","-","-","-","-","-","-","-","-","0.000","0.000","0.000","0.000","0.000","0.000","0.000","0.000","0.000","0.000","0.000","0.000","0.000","58.793","-79.421","0.000","0.000","0.000","0.000","0.000","0.000","0.000","0.000","0.000","0.000","0.000","0.000","0.000","0.000","0.000","0.000","0.000","0.000","0.000","0.000","0.000","0.000"
"Cash From Discontinued Investing Activities","-","-","-","-","-","-","-","-","-","-","-","-","-","-","-","-","0.000","0.000","0.000","0.000","0.000","0.000","0.000","0.000","0.000","0.000","0.000","0.000","0.000","0.000","0.000","","-","-","-","-","-","-","-","-","-","-","-","-","-","-","-","-","-","-","-","-","-","-","-","-","-","-","-","-","-","-","-","-","-","-","-","-","-","-","-","-","-","-","-","-","-","-","-","-","-","-","-","-","-","-","-","-","-","-","-","-","-","-","-","-","-","-","-","-","-","-","-","-","-","-","-","-","-","-","-","-","-","-","-","0.000","0.000","0.000","0.000","0.000","0.000","0.000","0.000","0.000","0.000","0.000","0.000","0.000","0.000","0.000","0.000","0.000","0.000","0.000","0.000","0.000","0.000","0.000","0.000","0.000","0.000","0.000","0.000","0.000","0.000","0.000","0.000","0.000","0.000","0.000","0.000","0.000"
"Cash From Other Investing Activities","-","-","-","-","-","-","-","-","-","-","-","-","-","-","-","-","-694.018","8.388","35.809","43.773","23.471","26.302","33.228","58.791","109.017","77.459","11.096","52.159","51.954","43.385","39.885","","-","-","-","-","-","-","-","-","-","-","-","-","-","-","-","-","-","-","-","-","-","-","-","-","-","-","-","-","-","-","-","-","-","-","-","-","-","-","-","-","-","-","-","-","-","-","-","-","-","-","-","-","-","-","-","-","-","-","-","-","-","-","-","-","-","-","-","-","-","-","-","-","-","-","-","-","-","-","-","-","-","-","-","0.000","0.000","0.000","0.000","0.000","0.000","0.000","0.000","0.000","3,783.397","-1,772.333","1,422.359","-984.015","-63.294","-1,975.339","34.467","-3,617.232","45.193","39.249","-3.911","-159.967","43.841","489.962","-12.586","179.535","9.809","2.199","2.396","-96.143","18.266","8.537","17.649","3.608","14.562","10.579","-944.663","959.407"
"Cash Flow from Investing","-","-","-","-","-","-","-","-","-","-","-","-","-","-","-","-","1,752.024","-431.646","26.435","-1,249.951","-3,744.540","-2,262.111","1,470.311","1,983.052","-5,792.227","-3,979.062","1,503.904","-1,575.915","1,834.083","1,962.956","1,962.956","","-","-","-","-","-","-","-","-","-","-","-","-","-","-","-","-","-","-","-","-","-","-","-","-","-","-","-","-","-","-","-","-","-","-","-","-","-","-","-","-","-","-","-","-","-","-","-","-","-","-","-","-","-","-","-","-","-","-","-","-","-","-","-","-","-","-","-","-","-","-","-","-","-","-","-","-","-","-","-","-","-","-","-","0.000","0.000","0.000","0.000","0.000","0.000","0.000","0.000","0.000","3,767.775","-1,783.422","1,424.532","-997.174","-13.865","-2,083.293","-19.624","-3,675.445","-58.292","-1,089.449","392.083","-3,223.404","166.514","2,631.696","-752.531","-541.775","-232.124","-1,745.415","-529.182","930.806","1,220.493","2,162.007","-1,613.126","64.709","106.430","66.965","-1,125.414","2,914.975"
"Issuance of Stock","-","-","-","-","-","-","-","-","-","-","-","-","-","-","-","-","0.000","905.780","4.800","1,009.108","113.100","1,326.938","5.080","-77.826","775.682","0.000","0.000","0.000","0.000","0.000","0.000","","-","-","-","-","-","-","-","-","-","-","-","-","-","-","-","-","-","-","-","-","-","-","-","-","-","-","-","-","-","-","-","-","-","-","-","-","-","-","-","-","-","-","-","-","-","-","-","-","-","-","-","-","-","-","-","-","-","-","-","-","-","-","-","-","-","-","-","-","-","-","-","-","-","-","-","-","-","-","-","-","-","-","-","0.000","0.000","0.000","0.000","0.000","0.000","0.000","0.000","0.000","0.000","0.000","0.000","0.000","39.948","797.581","-0.720","-61.127","0.000","0.000","0.000","0.000","0.000","0.000","0.000","0.000","0.000","0.000","0.000","0.000","0.000","0.000","0.000","0.000","0.000","0.000","0.000","0.000"
"Repurchase of Stock","-","-","-","-","-","-","-","-","-","-","-","-","-","-","-","-","0.000","0.000","0.000","0.000","-7.064","0.000","0.000","0.000","0.000","0.000","0.000","0.000","0.000","0.000","0.000","","-","-","-","-","-","-","-","-","-","-","-","-","-","-","-","-","-","-","-","-","-","-","-","-","-","-","-","-","-","-","-","-","-","-","-","-","-","-","-","-","-","-","-","-","-","-","-","-","-","-","-","-","-","-","-","-","-","-","-","-","-","-","-","-","-","-","-","-","-","-","-","-","-","-","-","-","-","-","-","-","-","-","-","0.000","0.000","0.000","0.000","0.000","0.000","0.000","0.000","0.000","0.000","0.000","0.000","0.000","0.000","0.000","0.000","0.000","0.000","0.000","0.000","0.000","0.000","0.000","0.000","0.000","0.000","0.000","0.000","0.000","0.000","0.000","0.000","0.000","0.000","0.000","0.000","0.000"
"Net Issuance of Preferred Stock","-","-","-","-","-","-","-","-","-","-","-","-","-","-","-","-","0.000","0.000","0.000","500.000","0.000","0.000","0.000","0.000","0.000","0.000","0.000","-827.737","0.000","0.000","0.000","","-","-","-","-","-","-","-","-","-","-","-","-","-","-","-","-","-","-","-","-","-","-","-","-","-","-","-","-","-","-","-","-","-","-","-","-","-","-","-","-","-","-","-","-","-","-","-","-","-","-","-","-","-","-","-","-","-","-","-","-","-","-","-","-","-","-","-","-","-","-","-","-","-","-","-","-","-","-","-","-","-","-","-","0.000","0.000","0.000","0.000","0.000","0.000","0.000","0.000","0.000","0.000","0.000","0.000","0.000","0.000","0.000","0.000","0.000","0.000","0.000","0.000","0.000","0.000","0.000","0.000","0.000","0.000","0.000","0.000","0.000","0.000","0.000","0.000","0.000","0.000","0.000","0.000","0.000"
"Net Issuance of Debt","-","-","-","-","-","-","-","-","-","-","-","-","-","-","-","-","0.000","118.157","180.000","1,285.000","-520.000","-477.200","-115.000","400.000","200.000","548.562","-247.800","250.000","79.700","405.000","0.000","","-","-","-","-","-","-","-","-","-","-","-","-","-","-","-","-","-","-","-","-","-","-","-","-","-","-","-","-","-","-","-","-","-","-","-","-","-","-","-","-","-","-","-","-","-","-","-","-","-","-","-","-","-","-","-","-","-","-","-","-","-","-","-","-","-","-","-","-","-","-","-","-","-","-","-","-","-","-","-","-","-","-","-","0.000","0.000","0.000","0.000","0.000","0.000","0.000","0.000","0.000","0.000","0.000","0.000","0.000","0.000","0.000","0.000","0.000","0.000","0.000","0.000","0.000","0.000","0.000","0.000","0.000","0.000","0.000","0.000","0.000","0.000","0.000","0.000","0.000","0.000","0.000","0.000","0.000"
"Cash Flow for Dividends","-","-","-","-","-","-","-","-","-","-","-","-","-","-","-","-","-53.534","-61.359","-76.699","-78.831","-122.534","-175.073","-464.184","-560.638","-617.908","-669.149","-871.099","-611.880","-467.199","-530.497","0.000","","-","-","-","-","-","-","-","-","-","-","-","-","-","-","-","-","-","-","-","-","-","-","-","-","-","-","-","-","-","-","-","-","-","-","-","-","-","-","-","-","-","-","-","-","-","-","-","-","-","-","-","-","-","-","-","-","-","-","-","-","-","-","-","-","-","-","-","-","-","-","-","-","-","-","-","-","-","-","-","-","-","-","-","0.000","0.000","0.000","0.000","0.000","0.000","0.000","0.000","0.000","0.000","0.000","0.000","0.000","0.000","0.000","0.000","0.000","0.000","0.000","0.000","0.000","0.000","0.000","0.000","0.000","0.000","0.000","0.000","0.000","0.000","0.000","0.000","0.000","0.000","0.000","0.000","0.000"
"Other Financing","-","-","-","-","-","-","-","-","-","-","-","-","-","-","-","-","167.231","455.347","-2.385","213.786","-46.484","-10.451","-39.788","-1.320","-1.260","-0.600","-13.935","-199.902","93.048","-101.011","0.000","","-","-","-","-","-","-","-","-","-","-","-","-","-","-","-","-","-","-","-","-","-","-","-","-","-","-","-","-","-","-","-","-","-","-","-","-","-","-","-","-","-","-","-","-","-","-","-","-","-","-","-","-","-","-","-","-","-","-","-","-","-","-","-","-","-","-","-","-","-","-","-","-","-","-","-","-","-","-","-","-","-","-","-","0.000","0.000","0.000","0.000","0.000","0.000","0.000","0.000","0.000","0.000","0.000","0.000","0.000","-0.870","-406.915","398.617","-410.000","0.000","0.000","0.000","0.000","0.000","0.000","0.000","0.000","0.000","0.000","0.000","0.000","0.000","0.000","0.000","0.000","0.000","0.000","0.000","0.000"
"Cash Flow from Financing","-","-","-","-","-","-","-","-","-","-","-","-","-","-","-","-","113.697","1,417.925","105.716","2,929.063","-575.918","664.214","-613.892","-239.784","356.514","-121.187","-1,132.834","-1,389.519","-294.451","-226.508","-226.508","","-","-","-","-","-","-","-","-","-","-","-","-","-","-","-","-","-","-","-","-","-","-","-","-","-","-","-","-","-","-","-","-","-","-","-","-","-","-","-","-","-","-","-","-","-","-","-","-","-","-","-","-","-","-","-","-","-","-","-","-","-","-","-","-","-","-","-","-","-","-","-","-","-","-","-","-","-","-","-","-","-","-","-","0.000","0.000","0.000","0.000","0.000","0.000","0.000","0.000","0.000","-91.363","230.774","-584.607","39.078","39.078","390.666","397.897","-471.127","0.000","-452.128","82.979","247.962","-3.543","-519.339","-459.952","-150.000","-123.556","-461.150","-226.771","-578.042","-1.384","-800.983","-141.375","649.291","-100.615","-379.967","-420.925","674.999"
"Net Change in Cash","-","-","-","-","-","-","-","-","-","-","-","-","-","-","-","-","1,085.709","1,825.572","1,069.871","256.104","5,981.000","-5,327.091","1,834.362","-5,644.821","3,860.091","-1,377.015","2,158.764","-1,012.118","-3,248.861","-3,660.543","-3,660.543","","-","-","-","-","-","-","-","-","-","-","-","-","-","-","-","-","-","-","-","-","-","-","-","-","-","-","-","-","-","-","-","-","-","-","-","-","-","-","-","-","-","-","-","-","-","-","-","-","-","-","-","-","-","-","-","-","-","-","-","-","-","-","-","-","-","-","-","-","-","-","-","-","-","-","-","-","-","-","-","-","-","-","-","0.000","0.000","0.000","0.000","0.000","0.000","0.000","0.000","0.000","4,125.285","-7,872.093","-506.354","1,164.221","1,222.144","270.458","1,553.175","814.314","-165.630","2,705.276","-1,414.760","-2,501.901","-3,383.590","2,224.292","150.500","3,167.562","429.581","-3,582.809","3,416.169","-1,275.059","-2,874.797","-1,797.243","-1,844.284","3,267.463","-981.474","871.128","4,441.883","-7,992.080"
"Capital Expenditure","-","-","-","-","-","-","-","-","-","-","-","-","-","-","-","-","-67.004","-93.647","-84.760","-78.714","-92.908","-169.114","-108.754","-126.161","-171.841","-231.014","-161.896","-244.594","-211.089","-126.873","-126.873","","-","-","-","-","-","-","-","-","-","-","-","-","-","-","-","-","-","-","-","-","-","-","-","-","-","-","-","-","-","-","-","-","-","-","-","-","-","-","-","-","-","-","-","-","-","-","-","-","-","-","-","-","-","-","-","-","-","-","-","-","-","-","-","-","-","-","-","-","-","-","-","-","-","-","-","-","-","-","-","-","-","-","-","0.000","0.000","0.000","0.000","0.000","0.000","0.000","0.000","0.000","-15.867","-20.503","-25.907","-16.755","-9.414","-49.687","-54.116","-58.624","-48.569","-57.696","-85.326","-39.423","-37.757","-19.608","-49.175","-55.356","-65.975","-67.356","-57.536","-53.727","-44.488","-50.306","-43.232","-73.063","-35.215","-44.049","-23.952","-23.657"
"Free Cash Flow","-","-","-","-","-","-","-","-","-","-","-","-","-","-","-","-","-847.016","745.646","852.960","-1,501.722","10,208.550","-3,898.308","869.189","-7,514.250","9,123.963","2,492.220","1,625.798","1,708.722","-4,999.582","-5,523.864","-5,523.864","","-","-","-","-","-","-","-","-","-","-","-","-","-","-","-","-","-","-","-","-","-","-","-","-","-","-","-","-","-","-","-","-","-","-","-","-","-","-","-","-","-","-","-","-","-","-","-","-","-","-","-","-","-","-","-","-","-","-","-","-","-","-","-","-","-","-","-","-","-","-","-","-","-","-","-","-","-","-","-","-","-","-","-","0.000","0.000","0.000","0.000","0.000","0.000","0.000","0.000","0.000","433.006","-6,339.948","-1,372.186","2,105.562","1,187.517","1,913.398","1,120.786","4,902.262","-155.907","4,189.157","-1,975.148","434.118","-3,584.318","92.327","1,313.808","3,803.981","719.286","-1,443.600","4,114.586","-1,681.550","-4,138.394","-3,208.573","-133.015","2,480.400","-1,022.504","1,140.081","5,964.270","-11,605.711"
"PE Ratio","-","-","-","-","-","-","-","-","-","-","-","-","-","-","-","-","26.370","16.750","0.000","12.330","8.260","0.020","20.030","11.930","12.110","11.760","10.890","16.070","10.200","10.350","9.970","","-","-","-","-","-","-","-","-","-","-","-","-","-","-","-","-","-","-","-","-","-","-","-","-","-","-","-","-","-","-","-","-","-","-","-","-","-","-","-","-","-","-","-","-","-","-","-","-","-","-","-","-","-","-","-","-","-","-","-","-","-","-","-","-","-","-","-","-","-","-","-","-","-","-","-","-","-","-","-","-","-","-","-","0.000","16.750","0.000","12.330","8.260","0.020","0.030","0.030","20.030","13.940","12.160","12.290","11.930","11.780","11.760","12.210","12.110","13.420","13.110","12.660","11.760","11.280","11.240","11.230","10.890","12.150","12.610","13.570","16.070","10.400","9.810","10.240","10.200","11.040","10.020","10.920","10.350"
"Price-to-Owner-Earnings","-","-","-","-","-","-","-","-","-","-","-","-","-","-","-","-","0.000","0.000","0.000","0.000","0.000","0.000","0.000","0.000","0.000","10.860","14.440","14.230","0.000","0.000","0.000","","-","-","-","-","-","-","-","-","-","-","-","-","-","-","-","-","-","-","-","-","-","-","-","-","-","-","-","-","-","-","-","-","-","-","-","-","-","-","-","-","-","-","-","-","-","-","-","-","-","-","-","-","-","-","-","-","-","-","-","-","-","-","-","-","-","-","-","-","-","-","-","-","-","-","-","-","-","-","-","-","-","-","-","0.000","0.000","0.000","0.000","0.000","0.000","0.000","0.000","0.000","0.000","0.000","0.000","0.000","0.000","0.000","0.000","0.000","0.000","0.000","3.210","10.860","0.000","0.000","0.000","14.440","3.570","4.900","3.100","14.230","0.000","0.000","0.000","0.000","0.000","6.740","1.630","0.000"
"PB Ratio","-","-","-","-","-","-","-","-","-","-","-","-","-","-","-","-","1.120","1.170","1.670","1.310","0.920","1.560","1.900","1.710","1.640","1.600","1.450","1.380","0.840","0.710","0.690","","-","-","-","-","-","-","-","-","-","-","-","-","-","-","-","-","-","-","-","-","-","-","-","-","-","-","-","-","-","-","-","-","-","-","-","-","-","-","-","-","-","-","-","-","-","-","-","-","-","-","-","-","-","-","-","-","-","-","-","-","-","-","-","-","-","-","-","-","-","-","-","-","-","-","-","-","-","-","-","-","-","-","-","1.120","1.170","1.670","1.310","0.920","1.560","0.000","0.000","1.900","0.000","1.630","1.650","1.650","1.650","1.650","1.740","1.640","1.770","1.790","1.720","1.600","1.510","1.520","1.510","1.450","1.410","1.420","1.410","1.380","0.860","0.790","0.830","0.840","0.900","0.810","0.810","0.710"
"Price-to-Tangible-Book","-","-","-","-","-","-","-","-","-","-","-","-","-","-","-","-","1.250","1.320","1.910","1.750","1.200","1.930","2.310","2.080","2.260","2.150","1.890","1.780","1.080","0.890","0.890","","-","-","-","-","-","-","-","-","-","-","-","-","-","-","-","-","-","-","-","-","-","-","-","-","-","-","-","-","-","-","-","-","-","-","-","-","-","-","-","-","-","-","-","-","-","-","-","-","-","-","-","-","-","-","-","-","-","-","-","-","-","-","-","-","-","-","-","-","-","-","-","-","-","-","-","-","-","-","-","-","-","-","-","1.250","1.320","1.910","1.750","1.200","1.930","0.000","0.000","2.310","0.000","1.970","1.990","1.980","1.970","2.150","2.360","2.260","2.390","2.460","2.360","2.150","2.000","2.000","1.990","1.890","1.830","1.830","1.820","1.780","1.110","1.010","1.060","1.080","1.140","1.020","1.030","0.890"
"Price-to-Free-Cash-Flow","-","-","-","-","-","-","-","-","-","-","-","-","-","-","-","-","0.000","10.110","9.400","0.000","0.700","0.000","22.530","0.000","2.150","8.430","12.770","12.230","0.000","0.000","0.000","","-","-","-","-","-","-","-","-","-","-","-","-","-","-","-","-","-","-","-","-","-","-","-","-","-","-","-","-","-","-","-","-","-","-","-","-","-","-","-","-","-","-","-","-","-","-","-","-","-","-","-","-","-","-","-","-","-","-","-","-","-","-","-","-","-","-","-","-","-","-","-","-","-","-","-","-","-","-","-","-","-","-","-","0.000","10.110","9.400","0.000","0.000","0.000","0.000","0.000","0.000","45.210","0.000","0.000","0.000","0.000","4.980","3.220","2.150","2.830","2.220","3.130","8.430","0.000","0.000","0.000","12.770","3.520","4.750","2.900","12.230","0.000","0.000","0.000","0.000","0.000","5.320","1.550","0.000"
"Price-to-Operating-Cash-Flow","-","-","-","-","-","-","-","-","-","-","-","-","-","-","-","-","0.000","7.170","9.440","0.000","0.690","0.000","20.030","0.000","2.110","7.700","11.660","10.710","0.000","0.000","0.000","","-","-","-","-","-","-","-","-","-","-","-","-","-","-","-","-","-","-","-","-","-","-","-","-","-","-","-","-","-","-","-","-","-","-","-","-","-","-","-","-","-","-","-","-","-","-","-","-","-","-","-","-","-","-","-","-","-","-","-","-","-","-","-","-","-","-","-","-","-","-","-","-","-","-","-","-","-","-","-","-","-","-","-","0.000","0.000","0.000","0.000","0.000","0.000","0.000","0.000","0.000","43.400","0.000","0.000","0.000","0.000","4.850","3.160","2.110","2.760","2.170","3.020","7.700","0.000","0.000","0.000","11.660","3.420","4.510","2.810","10.710","0.000","0.000","0.000","0.000","0.000","4.930","1.520","0.000"
"PS Ratio","-","-","-","-","-","-","-","-","-","-","-","-","-","-","-","-","2.080","2.130","2.520","2.440","2.430","4.210","6.700","4.410","3.600","3.450","4.020","4.550","2.980","2.470","2.410","","-","-","-","-","-","-","-","-","-","-","-","-","-","-","-","-","-","-","-","-","-","-","-","-","-","-","-","-","-","-","-","-","-","-","-","-","-","-","-","-","-","-","-","-","-","-","-","-","-","-","-","-","-","-","-","-","-","-","-","-","-","-","-","-","-","-","-","-","-","-","-","-","-","-","-","-","-","-","-","-","-","-","-","0.000","2.130","2.520","2.440","0.000","0.000","17.970","10.770","6.700","4.800","4.200","4.270","4.410","4.290","4.180","4.040","3.600","3.850","3.700","3.600","3.450","3.540","3.640","3.840","4.020","4.150","4.320","4.390","4.550","2.950","2.700","2.890","2.980","3.210","2.860","2.850","2.470"
"PEG Ratio","-","-","-","-","-","-","-","-","-","-","-","-","-","-","-","-","0.000","0.000","0.000","0.000","0.000","0.000","0.000","2.480","0.000","0.000","0.000","100.440","0.000","0.000","0.000","","-","-","-","-","-","-","-","-","-","-","-","-","-","-","-","-","-","-","-","-","-","-","-","-","-","-","-","-","-","-","-","-","-","-","-","-","-","-","-","-","-","-","-","-","-","-","-","-","-","-","-","-","-","-","-","-","-","-","-","-","-","-","-","-","-","-","-","-","-","-","-","-","-","-","-","-","-","-","-","-","-","-","-","0.000","0.000","0.000","0.000","0.000","0.000","0.000","0.000","0.000","0.000","0.000","0.000","2.480","0.000","0.000","0.000","0.000","0.000","0.000","0.000","0.000","0.000","0.000","0.000","0.000","0.000","0.750","1.880","100.440","0.000","0.000","0.000","0.000","0.000","0.000","0.000","0.000"
"EV-to-Revenue","-","-","-","-","-","-","-","-","-","-","-","-","-","-","-","-","0.400","2.130","2.520","2.450","-2.130","1.550","2.450","1.650","2.940","3.110","3.240","4.070","3.090","2.790","2.730","","-","-","-","-","-","-","-","-","-","-","-","-","-","-","-","-","-","-","-","-","-","-","-","-","-","-","-","-","-","-","-","-","-","-","-","-","-","-","-","-","-","-","-","-","-","-","-","-","-","-","-","-","-","-","-","-","-","-","-","-","-","-","-","-","-","-","-","-","-","-","-","-","-","-","-","-","-","-","-","-","-","-","-","0.000","2.130","2.520","2.450","0.000","0.000","17.980","10.760","2.450","4.800","3.620","3.850","1.650","4.840","3.760","3.690","2.940","3.440","2.810","2.740","3.110","3.690","3.490","3.230","3.240","3.500","4.370","3.920","4.070","2.940","3.180","3.800","3.090","3.420","2.580","1.540","0.000"
"EV-to-EBITDA","-","-","-","-","-","-","-","-","-","-","-","-","-","-","-","-","0.000","4.050","4.340","4.400","0.000","0.000","3.820","3.030","5.800","7.060","6.150","10.240","7.190","0.000","0.000","","-","-","-","-","-","-","-","-","-","-","-","-","-","-","-","-","-","-","-","-","-","-","-","-","-","-","-","-","-","-","-","-","-","-","-","-","-","-","-","-","-","-","-","-","-","-","-","-","-","-","-","-","-","-","-","-","-","-","-","-","-","-","-","-","-","-","-","-","-","-","-","-","-","-","-","-","-","-","-","-","-","-","-","0.000","4.050","4.340","4.400","0.000","0.000","34.140","22.210","3.820","7.850","5.960","6.190","3.030","8.990","7.130","8.310","5.800","7.040","5.850","5.170","7.060","7.860","7.220","6.510","6.150","7.200","9.130","8.660","10.240","7.310","8.070","9.460","7.190","8.090","6.210","3.980","0.000"
"EV-to-EBIT","-","-","-","-","-","-","-","-","-","-","-","-","-","-","-","-","0.000","4.320","4.520","4.540","0.000","0.000","0.000","0.000","0.000","0.000","0.000","0.000","0.000","0.000","0.000","","-","-","-","-","-","-","-","-","-","-","-","-","-","-","-","-","-","-","-","-","-","-","-","-","-","-","-","-","-","-","-","-","-","-","-","-","-","-","-","-","-","-","-","-","-","-","-","-","-","-","-","-","-","-","-","-","-","-","-","-","-","-","-","-","-","-","-","-","-","-","-","-","-","-","-","-","-","-","-","-","-","-","-","0.000","4.320","4.520","4.540","0.000","0.000","0.000","0.000","0.000","0.000","0.000","0.000","0.000","0.000","0.000","0.000","0.000","0.000","0.000","0.000","0.000","0.000","0.000","0.000","0.000","0.000","0.000","0.000","0.000","0.000","0.000","0.000","0.000","0.000","0.000","0.000","0.000"
"Earnings Yield (Joel Greenblatt) %","-","-","-","-","-","-","-","-","-","-","-","-","-","-","-","-","0.000","23.150","22.120","22.030","0.000","0.000","0.000","0.000","0.000","0.000","0.000","0.000","0.000","0.000","0.000","","-","-","-","-","-","-","-","-","-","-","-","-","-","-","-","-","-","-","-","-","-","-","-","-","-","-","-","-","-","-","-","-","-","-","-","-","-","-","-","-","-","-","-","-","-","-","-","-","-","-","-","-","-","-","-","-","-","-","-","-","-","-","-","-","-","-","-","-","-","-","-","-","-","-","-","-","-","-","-","-","-","-","-","0.000","23.150","22.120","22.030","0.000","0.000","0.000","0.000","0.000","0.000","0.000","0.000","0.000","0.000","0.000","0.000","0.000","0.000","0.000","0.000","0.000","0.000","0.000","0.000","0.000","0.000","0.000","0.000","0.000","0.000","0.000","0.000","0.000","0.000","0.000","0.000","0.000"
"Forward Rate of Return (Yacktman) %","-","-","-","-","-","-","-","-","-","-","-","-","-","-","-","-","0.000","0.000","0.000","0.000","24.100","7.990","5.860","3.570","0.000","0.000","0.000","9.050","10.210","0.000","0.000","","-","-","-","-","-","-","-","-","-","-","-","-","-","-","-","-","-","-","-","-","-","-","-","-","-","-","-","-","-","-","-","-","-","-","-","-","-","-","-","-","-","-","-","-","-","-","-","-","-","-","-","-","-","-","-","-","-","-","-","-","-","-","-","-","-","-","-","-","-","-","-","-","-","-","-","-","-","-","-","-","-","-","-","0.000","0.000","0.000","0.000","24.100","7.990","0.000","0.000","5.860","0.000","0.000","0.000","3.570","0.000","0.000","0.000","0.000","0.000","0.000","0.000","0.000","0.000","0.000","0.000","0.000","0.000","23.530","17.620","9.050","4.930","-1.680","5.940","10.210","3.680","3.980","8.540","0.000"
"Shiller PE Ratio","-","-","-","-","-","-","-","-","-","-","-","-","-","-","-","-","0.000","0.000","0.000","0.000","0.000","0.000","25.820","20.320","0.000","0.000","0.000","0.000","0.000","0.000","0.000","","-","-","-","-","-","-","-","-","-","-","-","-","-","-","-","-","-","-","-","-","-","-","-","-","-","-","-","-","-","-","-","-","-","-","-","-","-","-","-","-","-","-","-","-","-","-","-","-","-","-","-","-","-","-","-","-","-","-","-","-","-","-","-","-","-","-","-","-","-","-","-","-","-","-","-","-","-","-","-","-","-","-","-","0.000","0.000","0.000","0.000","0.000","0.000","0.000","0.000","25.820","0.000","0.000","0.000","20.320","0.000","0.000","0.000","0.000","0.000","0.000","0.000","0.000","0.000","0.000","0.000","0.000","0.000","0.000","0.000","0.000","0.000","0.000","0.000","0.000","0.000","0.000","0.000","0.000"
"Dividend Yield %","-","-","-","-","-","-","-","-","-","-","-","-","-","-","-","-","0.000","0.000","0.000","0.000","0.000","1.600","2.540","2.950","3.130","3.190","4.150","2.920","3.450","0.000","4.640","","-","-","-","-","-","-","-","-","-","-","-","-","-","-","-","-","-","-","-","-","-","-","-","-","-","-","-","-","-","-","-","-","-","-","-","-","-","-","-","-","-","-","-","-","-","-","-","-","-","-","-","-","-","-","-","-","-","-","-","-","-","-","-","-","-","-","-","-","-","-","-","-","-","-","-","-","-","-","-","-","-","-","-","0.000","0.000","0.000","0.000","0.000","1.600","3.120","3.490","2.540","2.530","3.110","3.130","2.950","2.960","3.160","3.010","3.130","2.790","2.960","3.070","3.190","3.190","3.460","4.150","4.150","4.150","3.920","2.920","2.920","4.570","3.790","3.600","3.450","3.180","4.040","3.990","0.000"
"Market Cap","-","-","-","-","-","-","-","-","-","-","-","-","-","-","-","-","5,372.282","6,029.696","8,016.716","9,367.017","7,106.952","15,070.950","19,562.093","19,019.539","19,742.879","20,978.693","20,978.693","20,978.693","13,533.668","11,701.668","11,423.761","","-","-","-","-","-","-","-","-","-","-","-","-","-","-","-","-","-","-","-","-","-","-","-","-","-","-","-","-","-","-","-","-","-","-","-","-","-","-","-","-","-","-","-","-","-","-","-","-","-","-","-","-","-","-","-","-","-","-","-","-","-","-","-","-","-","-","-","-","-","-","-","-","-","-","-","-","-","-","-","-","-","-","-","5,372.282","6,029.696","8,016.716","9,367.017","7,106.952","15,070.950","17,808.561","21,107.666","19,562.093","19,622.377","17,318.110","17,781.504","19,019.539","18,959.255","19,103.863","20,405.148","19,742.879","22,124.081","22,341.242","21,771.114","20,978.693","20,978.693","20,945.424","20,921.969","20,978.693","20,978.693","20,920.041","20,918.858","20,978.693","13,382.959","12,299.068","12,966.139","13,533.668","14,709.198","13,116.001","13,266.268","11,701.980"
"Enterprise Value","-","-","-","-","-","-","-","-","-","-","-","-","-","-","-","-","1,022.295","-2,764.262","-1,974.367","1,136.589","-6,221.043","5,533.680","7,174.761","16,963.170","16,032.234","18,868.310","16,871.889","18,719.198","13,966.963","13,186.991","12,909.084","","-","-","-","-","-","-","-","-","-","-","-","-","-","-","-","-","-","-","-","-","-","-","-","-","-","-","-","-","-","-","-","-","-","-","-","-","-","-","-","-","-","-","-","-","-","-","-","-","-","-","-","-","-","-","-","-","-","-","-","-","-","-","-","-","-","-","-","-","-","-","-","-","-","-","-","-","-","-","-","-","-","-","-","1,022.295","-2,764.262","-1,974.367","1,136.589","-6,221.043","5,533.680","17,808.561","21,107.666","7,174.761","19,622.377","14,984.232","16,101.676","7,062.155","21,210.970","17,113.682","18,659.558","16,032.234","19,709.640","16,925.421","16,579.478","18,868.310","21,864.515","20,062.308","17,635.584","16,871.889","17,602.124","21,156.219","18,649.063","18,719.198","13,302.162","14,489.565","17,059.354","13,966.963","15,647.708","11,826.967","7,148.429","13,187.303"
"Net Cash per Share","-","-","-","-","-","-","-","-","-","-","-","-","-","-","-","-","-23.610","-24.330","-27.210","-22.710","-23.680","-24.220","-26.680","-29.570","-32.390","-34.560","-33.260","-33.750","-35.030","-37.120","-37.120","","-","-","-","-","-","-","-","-","-","-","-","-","-","-","-","-","-","-","-","-","-","-","-","-","-","-","-","-","-","-","-","-","-","-","-","-","-","-","-","-","-","-","-","-","-","-","-","-","-","-","-","-","-","-","-","-","-","-","-","-","-","-","-","-","-","-","-","-","-","-","-","-","-","-","-","-","-","-","-","-","-","-","-","-23.610","-24.330","-27.210","-22.710","-23.680","-24.220","0.000","0.000","-26.680","0.000","-27.980","-28.050","-29.010","-32.010","-31.960","-31.340","-32.390","-32.860","-32.430","-33.220","-34.560","-32.800","-31.930","-33.060","-33.260","-32.640","-34.350","-34.210","-33.750","-33.160","-32.300","-34.390","-35.030","-35.750","-35.110","-36.260","-37.120"
"Net Current Asset Value","-","-","-","-","-","-","-","-","-","-","-","-","-","-","-","-","0.000","0.000","0.000","0.000","0.000","0.000","0.000","0.000","0.000","0.000","0.000","0.000","0.000","0.000","0.000","","-","-","-","-","-","-","-","-","-","-","-","-","-","-","-","-","-","-","-","-","-","-","-","-","-","-","-","-","-","-","-","-","-","-","-","-","-","-","-","-","-","-","-","-","-","-","-","-","-","-","-","-","-","-","-","-","-","-","-","-","-","-","-","-","-","-","-","-","-","-","-","-","-","-","-","-","-","-","-","-","-","-","-","0.000","0.000","0.000","0.000","0.000","0.000","0.000","0.000","0.000","0.000","0.000","0.000","0.000","0.000","0.000","0.000","0.000","0.000","0.000","0.000","0.000","0.000","0.000","0.000","0.000","0.000","0.000","0.000","0.000","0.000","0.000","0.000","0.000","0.000","0.000","0.000","0.000"
"Net-Net Working Capital","-","-","-","-","-","-","-","-","-","-","-","-","-","-","-","-","-23.610","-24.330","-27.210","-22.710","-23.680","-24.220","-26.680","-29.570","-32.390","-34.560","-33.260","-33.750","-35.030","-37.120","-37.120","","-","-","-","-","-","-","-","-","-","-","-","-","-","-","-","-","-","-","-","-","-","-","-","-","-","-","-","-","-","-","-","-","-","-","-","-","-","-","-","-","-","-","-","-","-","-","-","-","-","-","-","-","-","-","-","-","-","-","-","-","-","-","-","-","-","-","-","-","-","-","-","-","-","-","-","-","-","-","-","-","-","-","-","-23.610","-24.330","-27.210","-22.710","-23.680","-24.220","0.000","0.000","-26.680","0.000","-27.980","-28.050","-29.010","-32.010","-31.960","-31.340","-32.390","-32.860","-32.430","-33.220","-34.560","-32.800","-31.930","-33.060","-33.260","-32.640","-34.350","-34.210","-33.750","-33.160","-32.300","-34.390","-35.030","-35.750","-35.110","-36.260","-37.120"
"Intrinsic Value: Projected FCF","-","-","-","-","-","-","-","-","-","-","-","-","-","-","-","-","0.000","0.000","0.000","0.000","0.000","5.750","6.660","2.620","0.000","0.000","8.120","9.190","6.780","6.730","6.730","","-","-","-","-","-","-","-","-","-","-","-","-","-","-","-","-","-","-","-","-","-","-","-","-","-","-","-","-","-","-","-","-","-","-","-","-","-","-","-","-","-","-","-","-","-","-","-","-","-","-","-","-","-","-","-","-","-","-","-","-","-","-","-","-","-","-","-","-","-","-","-","-","-","-","-","-","-","-","-","-","-","-","-","0.000","0.000","0.000","0.000","0.000","0.000","0.000","0.000","0.000","0.000","0.000","0.000","2.620","0.000","0.000","0.000","0.000","0.000","0.000","0.000","0.000","0.000","0.000","5.940","8.120","8.590","7.810","10.010","9.190","7.100","5.420","5.380","6.780","6.100","10.020","13.900","6.730"
"Median PS Value","-","-","-","-","-","-","-","-","-","-","-","-","-","-","-","-","3.900","3.840","4.310","0.000","0.000","0.000","3.770","5.570","7.080","7.850","6.740","5.950","5.850","6.120","6.120","","-","-","-","-","-","-","-","-","-","-","-","-","-","-","-","-","-","-","-","-","-","-","-","-","-","-","-","-","-","-","-","-","-","-","-","-","-","-","-","-","-","-","-","-","-","-","-","-","-","-","-","-","-","-","-","-","-","-","-","-","-","-","-","-","-","-","-","-","-","-","-","-","-","-","-","-","-","-","-","-","-","-","-","0.000","0.000","0.000","0.000","0.000","0.000","1.280","2.540","3.770","5.280","5.360","5.410","5.570","5.700","5.910","6.550","7.080","7.420","7.800","7.820","7.850","7.650","7.440","7.050","6.740","6.520","6.270","6.160","5.950","5.850","5.900","5.810","5.850","5.920","5.930","6.010","6.120"
"Peter Lynch Fair Value","-","-","-","-","-","-","-","-","-","-","-","-","-","-","-","-","0.000","0.000","0.000","0.000","0.000","0.000","0.000","0.000","0.000","0.000","0.000","3.430","0.000","0.000","0.000","","-","-","-","-","-","-","-","-","-","-","-","-","-","-","-","-","-","-","-","-","-","-","-","-","-","-","-","-","-","-","-","-","-","-","-","-","-","-","-","-","-","-","-","-","-","-","-","-","-","-","-","-","-","-","-","-","-","-","-","-","-","-","-","-","-","-","-","-","-","-","-","-","-","-","-","-","-","-","-","-","-","-","-","0.000","0.000","0.000","0.000","0.000","0.000","0.000","0.000","0.000","0.000","0.000","0.000","0.000","0.000","0.000","0.000","0.000","0.000","0.000","0.000","0.000","0.000","0.000","0.000","0.000","0.000","9.310","3.690","3.430","0.000","0.000","0.000","0.000","0.000","0.000","0.000","0.000"
"Graham Number","-","-","-","-","-","-","-","-","-","-","-","-","-","-","-","-","2.220","2.900","0.000","3.520","3.930","4.500","5.320","5.820","5.930","6.570","7.270","6.180","6.430","6.070","6.070","","-","-","-","-","-","-","-","-","-","-","-","-","-","-","-","-","-","-","-","-","-","-","-","-","-","-","-","-","-","-","-","-","-","-","-","-","-","-","-","-","-","-","-","-","-","-","-","-","-","-","-","-","-","-","-","-","-","-","-","-","-","-","-","-","-","-","-","-","-","-","-","-","-","-","-","-","-","-","-","-","-","-","-","0.000","0.000","0.000","0.000","5.690","109.030","0.000","0.000","113.520","0.000","5.610","5.700","6.160","6.190","6.000","6.000","5.930","6.140","6.190","6.280","6.570","6.950","6.960","6.990","7.280","7.010","6.860","6.650","6.180","6.210","6.160","6.210","6.430","6.520","6.460","6.230","6.070"
"Earnings Power Value (EPV)","-","-","-","-","-","-","-","-","-","-","-","-","-","-","-","-","0.000","0.000","0.000","0.000","0.000","0.000","0.000","0.000","0.000","0.500","1.210","0.500","-0.430","-0.760","-0.760","","-","-","-","-","-","-","-","-","-","-","-","-","-","-","-","-","-","-","-","-","-","-","-","-","-","-","-","-","-","-","-","-","-","-","-","-","-","-","-","-","-","-","-","-","-","-","-","-","-","-","-","-","-","-","-","-","-","-","-","-","-","-","-","-","-","-","-","-","-","-","-","-","-","-","-","-","-","-","-","-","-","-","-","0.000","0.000","0.000","0.000","0.000","0.000","0.000","0.000","0.000","0.000","0.000","0.000","0.000","0.000","0.000","0.000","0.000","0.000","0.000","1.580","0.500","-0.490","0.130","0.930","1.210","0.910","-0.300","0.500","0.500","-0.240","-1.000","-1.650","-0.430","-0.640","0.110","1.730","-0.760"
"Altman Z-Score","-","-","-","-","-","-","-","-","-","-","-","-","-","-","-","-","0.000","0.000","0.000","0.000","0.000","0.000","0.000","0.000","0.000","0.000","0.000","0.000","0.000","0.000","0.000","","-","-","-","-","-","-","-","-","-","-","-","-","-","-","-","-","-","-","-","-","-","-","-","-","-","-","-","-","-","-","-","-","-","-","-","-","-","-","-","-","-","-","-","-","-","-","-","-","-","-","-","-","-","-","-","-","-","-","-","-","-","-","-","-","-","-","-","-","-","-","-","-","-","-","-","-","-","-","-","-","-","-","-","0.000","0.000","0.000","0.000","0.000","0.000","0.000","0.000","0.000","0.000","0.000","0.000","0.000","0.000","0.000","0.000","0.000","0.000","0.000","0.000","0.000","0.000","0.000","0.000","0.000","0.000","0.000","0.000","0.000","0.000","0.000","0.000","0.000","0.000","0.000","0.000","0.000"
"Piotroski F-Score","-","-","-","-","-","-","-","-","-","-","-","-","-","-","-","-","0.000","0.000","0.000","0.000","5.000","4.000","0.000","0.000","0.000","0.000","0.000","0.000","0.000","0.000","0.000","","-","-","-","-","-","-","-","-","-","-","-","-","-","-","-","-","-","-","-","-","-","-","-","-","-","-","-","-","-","-","-","-","-","-","-","-","-","-","-","-","-","-","-","-","-","-","-","-","-","-","-","-","-","-","-","-","-","-","-","-","-","-","-","-","-","-","-","-","-","-","-","-","-","-","-","-","-","-","-","-","-","-","-","0.000","0.000","0.000","0.000","5.000","4.000","0.000","0.000","0.000","0.000","0.000","0.000","0.000","0.000","0.000","0.000","0.000","3.000","0.000","0.000","0.000","0.000","0.000","0.000","0.000","0.000","0.000","0.000","0.000","0.000","0.000","0.000","0.000","0.000","0.000","0.000","0.000"
"Beneish M-Score","-","-","-","-","-","-","-","-","-","-","-","-","-","-","-","-","0.000","0.000","0.000","0.000","0.000","0.000","0.000","-1.850","-3.040","-2.380","-2.680","-2.620","-2.250","-2.160","-2.160","","-","-","-","-","-","-","-","-","-","-","-","-","-","-","-","-","-","-","-","-","-","-","-","-","-","-","-","-","-","-","-","-","-","-","-","-","-","-","-","-","-","-","-","-","-","-","-","-","-","-","-","-","-","-","-","-","-","-","-","-","-","-","-","-","-","-","-","-","-","-","-","-","-","-","-","-","-","-","-","-","-","-","-","0.000","0.000","0.000","0.000","0.000","0.000","0.000","0.000","0.000","0.000","0.000","0.000","-1.850","0.000","-2.110","0.000","-3.040","0.000","-2.450","-2.370","-2.380","-2.360","-2.280","-2.470","-2.680","-2.850","-2.810","-2.880","-2.620","-2.430","-2.320","-2.160","-2.250","-2.310","-2.420","-2.580","-2.160"
"Scaled Net Operating Assets","-","-","-","-","-","-","-","-","-","-","-","-","-","-","-","-","0.007","-0.059","-0.072","-0.013","-0.067","0.001","-0.022","0.084","0.074","0.086","0.078","0.096","0.123","0.134","0.126","","-","-","-","-","-","-","-","-","-","-","-","-","-","-","-","-","-","-","-","-","-","-","-","-","-","-","-","-","-","-","-","-","-","-","-","-","-","-","-","-","-","-","-","-","-","-","-","-","-","-","-","-","-","-","-","-","-","-","-","-","-","-","-","-","-","-","-","-","-","-","-","-","-","-","-","-","-","-","-","-","-","-","-","0.007","-0.059","-0.072","-0.013","-0.067","0.001","0.000","0.000","0.000","0.000","0.000","0.084","-0.004","0.119","0.083","0.081","0.068","0.079","0.055","0.058","0.084","0.111","0.104","0.085","0.079","0.086","0.114","0.095","0.095","0.115","0.137","0.159","0.127","0.128","0.110","0.076","0.126"
"Sloan Ratio %","-","-","-","-","-","-","-","-","-","-","-","-","-","-","-","-","-1.100","0.150","-1.380","4.190","-6.320","7.290","-0.980","6.100","-1.480","2.290","-1.030","0.690","3.180","3.310","3.310","","-","-","-","-","-","-","-","-","-","-","-","-","-","-","-","-","-","-","-","-","-","-","-","-","-","-","-","-","-","-","-","-","-","-","-","-","-","-","-","-","-","-","-","-","-","-","-","-","-","-","-","-","-","-","-","-","-","-","-","-","-","-","-","-","-","-","-","-","-","-","-","-","-","-","-","-","-","-","-","-","-","-","-","0.000","0.000","0.000","0.000","0.000","0.000","0.000","0.000","0.950","0.000","4.980","4.950","3.690","6.320","-0.530","-1.370","-1.480","-0.400","-2.890","-0.810","2.290","5.080","5.430","3.560","-1.030","-4.180","0.220","-2.100","0.690","3.340","1.750","5.830","3.180","1.680","0.020","-4.650","3.310"
"Current Ratio","-","-","-","-","-","-","-","-","-","-","-","-","-","-","-","-","0.000","0.000","0.000","0.000","0.000","0.000","0.000","0.000","0.000","0.000","0.000","0.000","0.000","0.000","0.000","","-","-","-","-","-","-","-","-","-","-","-","-","-","-","-","-","-","-","-","-","-","-","-","-","-","-","-","-","-","-","-","-","-","-","-","-","-","-","-","-","-","-","-","-","-","-","-","-","-","-","-","-","-","-","-","-","-","-","-","-","-","-","-","-","-","-","-","-","-","-","-","-","-","-","-","-","-","-","-","-","-","-","-","0.000","0.000","0.000","0.000","0.000","0.000","0.000","0.000","0.000","0.000","0.000","0.000","0.000","0.000","0.000","0.000","0.000","0.000","0.000","0.000","0.000","0.000","0.000","0.000","0.000","0.000","0.000","0.000","0.000","0.000","0.000","0.000","0.000","0.000","0.000","0.000","0.000"
"Quick Ratio","-","-","-","-","-","-","-","-","-","-","-","-","-","-","-","-","0.000","0.000","0.000","0.000","0.000","0.000","0.000","0.000","0.000","0.000","0.000","0.000","0.000","0.000","0.000","","-","-","-","-","-","-","-","-","-","-","-","-","-","-","-","-","-","-","-","-","-","-","-","-","-","-","-","-","-","-","-","-","-","-","-","-","-","-","-","-","-","-","-","-","-","-","-","-","-","-","-","-","-","-","-","-","-","-","-","-","-","-","-","-","-","-","-","-","-","-","-","-","-","-","-","-","-","-","-","-","-","-","-","0.000","0.000","0.000","0.000","0.000","0.000","0.000","0.000","0.000","0.000","0.000","0.000","0.000","0.000","0.000","0.000","0.000","0.000","0.000","0.000","0.000","0.000","0.000","0.000","0.000","0.000","0.000","0.000","0.000","0.000","0.000","0.000","0.000","0.000","0.000","0.000","0.000"
"Interest Coverage","","","","","","","","","","","","","","","","","0.000","0.000","0.000","0.000","0.000","0.000","0.000","0.000","0.000","0.000","0.000","0.000","0.000","0.000","","","-","-","-","-","-","-","-","-","-","-","-","-","-","-","-","-","-","-","-","-","-","-","-","-","-","-","-","-","-","-","-","-","-","-","-","-","-","-","-","-","-","-","-","-","-","-","-","-","-","-","-","-","-","-","-","-","-","-","-","-","-","-","-","-","-","-","-","-","-","-","-","-","-","-","-","-","-","-","-","-","-","-","-","N/A","N/A","N/A","N/A","N/A","N/A","0.000","0.000","0.000","0.000","0.000","0.000","0.000","0.000","0.000","0.000","0.000","0.000","0.000","0.000","0.000","0.000","0.000","0.000","0.000","0.000","0.000","0.000","0.000","0.000","0.000","0.000","0.000","0.000","0.000","0.000","0.000"
"Highest Stock Price","-","-","-","-","-","-","-","-","-","-","-","-","-","-","-","-","3.330","2.710","3.700","4.040","2.660","5.260","7.150","6.310","6.800","7.410","6.960","6.960","4.490","4.840","5.120","","-","-","-","-","-","-","-","-","-","-","-","-","-","-","-","-","-","-","-","-","-","-","-","-","-","-","-","-","-","-","-","-","-","-","-","-","-","-","-","-","-","-","-","-","-","-","-","-","-","-","-","-","-","-","-","-","-","-","-","-","-","-","-","-","-","-","-","-","-","-","-","-","-","-","-","-","-","-","-","-","-","-","-","3.330","2.710","3.700","4.040","2.660","5.260","5.980","7.050","7.150","6.660","6.710","5.990","6.310","6.400","6.490","6.800","6.800","7.450","8.080","7.510","7.410","6.960","6.960","6.960","6.960","6.960","6.960","6.960","6.960","6.960","4.480","4.450","4.490","5.100","5.110","4.530","4.840"
"Lowest Stock Price","-","-","-","-","-","-","-","-","-","-","-","-","-","-","-","-","0.000","0.000","0.000","2.270","2.240","2.240","4.610","5.380","6.130","6.440","6.960","6.960","3.900","3.880","3.400","","-","-","-","-","-","-","-","-","-","-","-","-","-","-","-","-","-","-","-","-","-","-","-","-","-","-","-","-","-","-","-","-","-","-","-","-","-","-","-","-","-","-","-","-","-","-","-","-","-","-","-","-","-","-","-","-","-","-","-","-","-","-","-","-","-","-","-","-","-","-","-","-","-","-","-","-","-","-","-","-","-","-","-","2.680","2.270","3.050","3.020","2.240","4.610","4.990","5.850","6.150","6.280","5.380","5.490","5.740","6.130","6.250","6.330","6.260","6.440","7.280","7.240","6.960","6.960","6.960","6.960","6.960","6.960","6.960","6.960","6.960","4.330","4.090","3.900","4.270","4.490","4.280","4.080","3.880"
"Shares Buyback Ratio %","-","-","-","-","-","-","-","-","-","-","-","-","-","-","-","-","0.000","-11.410","2.620","-25.670","0.000","-10.690","0.000","0.000","0.000","0.000","0.000","0.000","0.000","0.200","0.200","","-","-","-","-","-","-","-","-","-","-","-","-","-","-","-","-","-","-","-","-","-","-","-","-","-","-","-","-","-","-","-","-","-","-","-","-","-","-","-","-","-","-","-","-","-","-","-","-","-","-","-","-","-","-","-","-","-","-","-","-","-","-","-","-","-","-","-","-","-","-","-","-","-","-","-","-","-","-","-","-","-","-","-","0.000","-11.410","2.620","-25.670","0.000","-10.690","0.370","0.020","-0.390","0.000","0.770","0.090","-0.860","0.000","0.350","0.100","-0.450","0.000","0.110","0.130","-0.240","0.000","0.160","0.110","-0.270","0.000","0.280","0.010","-0.290","0.000","0.230","-0.040","-0.190","0.000","0.200","0.000","0.000"
"YoY Rev. per Sh. Growth","-","-","-","-","-","-","-","-","-","-","-","-","-","-","-","-","0.000","-3.870","1.850","10.680","-23.160","10.420","9.350","30.050","7.820","10.990","-14.210","-11.770","-1.640","4.450","4.450","","-","-","-","-","-","-","-","-","-","-","-","-","-","-","-","-","-","-","-","-","-","-","-","-","-","-","-","-","-","-","-","-","-","-","-","-","-","-","-","-","-","-","-","-","-","-","-","-","-","-","-","-","-","-","-","-","-","-","-","-","-","-","-","-","-","-","-","-","-","-","-","-","-","-","-","-","-","-","-","-","-","-","-","0.000","0.000","0.000","0.000","0.000","0.000","0.000","0.000","0.000","0.000","6.360","4.330","12.340","8.760","15.670","48.370","38.590","20.850","23.650","1.400","1.630","-10.200","-10.960","-19.530","-16.000","-12.450","-14.540","-6.620","-12.860","-6.230","2.880","-6.040","3.280","4.520","0.760","5.870","6.880"
"YoY EPS Growth","-","-","-","-","-","-","-","-","-","-","-","-","-","-","-","-","0.000","78.430","-173.080","309.770","13.260","9.810","28.820","10.960","8.870","9.810","7.590","-32.130","1.620","-14.550","-14.550","","-","-","-","-","-","-","-","-","-","-","-","-","-","-","-","-","-","-","-","-","-","-","-","-","-","-","-","-","-","-","-","-","-","-","-","-","-","-","-","-","-","-","-","-","-","-","-","-","-","-","-","-","-","-","-","-","-","-","-","-","-","-","-","-","-","-","-","-","-","-","-","-","-","-","-","-","-","-","-","-","-","-","-","0.000","0.000","0.000","0.000","-99.830","109,817.300","183.460","-61.290","-66.770","-99.930","8.110","7.410","42.860","3.500","5.830","13.790","-10.670","4.050","14.960","4.550","14.930","16.230","1.370","0.720","12.340","-36.870","-14.190","-28.060","-46.240","-5.310","-7.870","4.000","20.430","1.870","-5.980","-29.810","-25.000"
"YoY EBITDA Growth","","","","","","","","","","","","","","","","","0.000","0.000","0.000","0.000","0.000","0.000","0.000","0.000","0.000","0.000","0.000","0.000","0.000","0.000","","","","","","","","","","","","","","","","","","","","","","","","","","","","","","","","","","","","","","","","","","","","","","","","","","","","","","","","","","","","","","","","","","","","","","","","","","","","","","","","","","","","","","","","","","","","0.000","0.000","0.000","0.000","0.000","0.000","0.000","0.000","0.000","0.000","0.000","0.000","0.000","0.000","0.000","0.000","0.000","0.000","0.000","0.000","0.000","0.000","0.000","0.000","0.000","0.000","0.000","0.000","0.000","0.000","0.000"
"5-Year EBITDA Growth Rate","-","-","-","-","-","-","-","-","-","-","-","-","-","-","-","-","0.000","0.000","0.000","0.000","-2.110","-2.090","-1.940","4.810","0.000","0.000","0.000","0.160","-6.840","0.000","0.000","","-","-","-","-","-","-","-","-","-","-","-","-","-","-","-","-","-","-","-","-","-","-","-","-","-","-","-","-","-","-","-","-","-","-","-","-","-","-","-","-","-","-","-","-","-","-","-","-","-","-","-","-","-","-","-","-","-","-","-","-","-","-","-","-","-","-","-","-","-","-","-","-","-","-","-","-","-","-","-","-","-","-","-","0.000","0.000","0.000","0.000","-2.110","-2.090","0.000","0.000","-1.940","0.000","0.000","0.000","4.810","0.000","0.000","0.000","0.000","0.000","0.000","0.000","0.000","0.000","0.000","0.000","0.000","0.000","16.860","7.200","0.160","-3.100","-4.750","-6.150","-6.840","-7.940","-8.960","-10.060","0.000"
"Shares Outstanding (Basic Average)","-","-","-","-","-","-","-","-","-","-","-","-","-","-","-","-","1,966.621","2,166.661","2,367.295","2,367.295","2,722.970","3,014.185","3,014.185","2,990.182","2,999.097","3,005.999","3,005.852","3,005.020","3,006.652","3,007.612","3,007.692","","-","-","-","-","-","-","-","-","-","-","-","-","-","-","-","-","-","-","-","-","-","-","-","-","-","-","-","-","-","-","-","-","-","-","-","-","-","-","-","-","-","-","-","-","-","-","-","-","-","-","-","-","-","-","-","-","-","-","-","-","-","-","-","-","-","-","-","-","-","-","-","-","-","-","-","-","-","-","-","-","-","-","-","1,966.621","2,166.661","2,367.295","2,367.295","2,722.970","3,014.185","3,003.130","3,002.513","3,042.820","2,992.878","2,990.989","2,988.488","2,997.534","2,994.767","2,999.289","3,000.674","3,001.620","3,004.077","3,007.150","3,007.060","3,005.600","3,007.184","3,009.400","3,006.030","3,000.785","3,002.850","3,005.463","3,005.583","3,005.625","3,006.344","3,006.736","3,006.741","3,006.785","3,007.409","3,007.683","3,007.684","3,007.692"
"Shares Outstanding (EOP)","-","-","-","-","-","-","-","-","-","-","-","-","-","-","-","-","1,997.131","2,224.980","2,166.680","2,722.970","2,722.970","3,014.190","3,014.190","3,014.190","3,014.180","3,014.180","3,014.180","3,014.180","3,014.180","3,008.141","3,014.180","","-","-","-","-","-","-","-","-","-","-","-","-","-","-","-","-","-","-","-","-","-","-","-","-","-","-","-","-","-","-","-","-","-","-","-","-","-","-","-","-","-","-","-","-","-","-","-","-","-","-","-","-","-","-","-","-","-","-","-","-","-","-","-","-","-","-","-","-","-","-","-","-","-","-","-","-","-","-","-","-","-","-","-","1,997.131","2,224.980","2,166.680","2,722.970","2,722.970","3,014.190","3,003.130","3,002.513","3,014.190","3,014.190","2,991.038","2,988.488","3,014.190","3,014.190","3,003.752","3,000.757","3,014.180","3,014.180","3,010.949","3,007.060","3,014.180","3,014.180","3,009.400","3,006.030","3,014.180","3,014.180","3,005.753","3,005.583","3,014.180","3,014.180","3,007.107","3,008.385","3,014.180","3,014.180","3,008.257","3,008.224","3,008.221"
"Beta","-","-","-","-","-","-","-","-","-","-","-","-","-","-","-","-","1.980","2.250","1.780","1.340","1.370","1.350","1.580","1.280","0.980","0.620","0.530","0.030","-0.310","0.000","0.200","","-","-","-","-","-","-","-","-","-","-","-","-","-","-","-","-","-","-","-","-","-","-","-","-","-","-","-","-","-","-","-","-","-","-","-","-","-","-","-","-","-","-","-","-","-","-","-","-","-","-","-","-","-","-","-","-","-","-","-","-","-","-","-","-","-","-","-","-","-","-","-","-","-","-","-","-","-","-","-","-","-","-","-","1.980","2.250","1.780","1.340","1.370","1.350","1.390","1.520","1.580","1.470","1.500","1.220","1.280","1.230","1.050","0.920","0.980","1.080","0.980","0.770","0.620","0.620","0.570","0.630","0.530","0.470","0.310","0.210","0.030","-0.560","-0.540","-0.460","-0.310","-0.310","-0.370","-0.060","0.000"
"Filing Date","-","-","-","-","-","-","-","-","-","-","-","-","-","-","-","-","03/31/06","","","","","08/11/10","07/27/11","07/24/12","07/31/13","07/30/14","07/28/15","07/27/16","06/30/17","05/31/18","","","-","-","-","-","-","-","-","-","-","-","-","-","-","-","-","-","-","-","-","-","-","-","-","-","-","-","-","-","-","-","-","-","-","-","-","-","-","-","-","-","-","-","-","-","-","-","-","-","-","-","-","-","-","-","-","-","-","-","-","-","-","-","-","-","-","-","-","-","-","-","-","-","-","-","-","-","-","-","-","-","-","-","-","03/31/06","","","","","08/11/10","11/16/11","02/14/12","07/27/11","08/14/12","11/16/11","02/14/12","07/24/12","08/14/12","11/08/12","02/19/13","07/31/13","08/16/13","11/14/13","02/17/14","07/30/14","08/22/14","11/19/14","02/12/15","07/28/15","08/19/15","11/19/15","02/26/16","07/27/16","08/22/16","11/21/16","02/24/17","06/30/17","08/24/17","11/28/17","02/28/18","05/31/18"
"Restated Filing Date","-","-","-","-","-","-","-","-","-","-","-","-","-","-","-","-","03/31/06","03/31/07","03/31/08","03/31/09","08/11/10","07/27/11","07/27/11","07/31/13","07/30/14","07/28/15","07/27/16","06/30/17","05/31/18","05/31/18","","","-","-","-","-","-","-","-","-","-","-","-","-","-","-","-","-","-","-","-","-","-","-","-","-","-","-","-","-","-","-","-","-","-","-","-","-","-","-","-","-","-","-","-","-","-","-","-","-","-","-","-","-","-","-","-","-","-","-","-","-","-","-","-","-","-","-","-","-","-","-","-","-","-","-","-","-","-","-","-","-","-","-","-","03/31/06","03/31/07","03/31/08","03/31/09","08/11/10","07/27/11","11/16/11","02/14/12","07/27/11","08/14/12","11/08/12","02/19/13","07/31/13","08/16/13","11/14/13","02/17/14","07/30/14","08/22/14","11/19/14","02/12/15","07/28/15","08/19/15","11/19/15","02/26/16","07/27/16","08/22/16","11/21/16","02/24/17","06/30/17","08/24/17","11/28/17","02/28/18","05/31/18","08/24/17","11/28/17","02/28/18","05/31/18"
"Number of Shareholders","-","-","-","-","-","-","-","-","-","-","-","-","-","-","-","-","0.000","0.000","0.000","0.000","0.000","0.000","0.000","0.000","0.000","0.000","0.000","0.000","0.000","0.000","0.000","","-","-","-","-","-","-","-","-","-","-","-","-","-","-","-","-","-","-","-","-","-","-","-","-","-","-","-","-","-","-","-","-","-","-","-","-","-","-","-","-","-","-","-","-","-","-","-","-","-","-","-","-","-","-","-","-","-","-","-","-","-","-","-","-","-","-","-","-","-","-","-","-","-","-","-","-","-","-","-","-","-","-","-","0.000","0.000","0.000","0.000","0.000","0.000","0.000","0.000","0.000","0.000","0.000","0.000","0.000","0.000","0.000","0.000","0.000","0.000","0.000","0.000","0.000","0.000","0.000","0.000","0.000","0.000","0.000","0.000","0.000","0.000","0.000","0.000","0.000","0.000","0.000","0.000","0.000"
"Number of Employees","-","-","-","-","-","-","-","-","-","-","-","-","-","-","-","-","0.000","0.000","0.000","0.000","0.000","0.000","10,552.000","10,552.000","12,770.000","12,270.000","11,035.000","10,842.000","10,672.000","0.000","10,672.000","","-","-","-","-","-","-","-","-","-","-","-","-","-","-","-","-","-","-","-","-","-","-","-","-","-","-","-","-","-","-","-","-","-","-","-","-","-","-","-","-","-","-","-","-","-","-","-","-","-","-","-","-","-","-","-","-","-","-","-","-","-","-","-","-","-","-","-","-","-","-","-","-","-","-","-","-","-","-","-","-","-","-","-","0.000","0.000","0.000","0.000","0.000","0.000","0.000","0.000","10,552.000","0.000","0.000","0.000","10,552.000","0.000","0.000","0.000","12,770.000","0.000","0.000","0.000","12,270.000","0.000","0.000","0.000","11,035.000","0.000","0.000","0.000","10,842.000","0.000","0.000","0.000","10,672.000","0.000","0.000","0.000","0.000"
"Insider Shares Owned","","","","","","","","","","","","","","","","","0.000","0.000","0.000","0.000","0.000","0.000","0.000","0.000","0.000","0.000","0.000","0.000","0.000","0.000","","","","","","","","","","","","","","","","","","","","","","","","","","","","","","","","","","","","","","","","","","","","","","","","","","","","","","","","","","","","","","","","","","","","","","","","","","","","","","","","","","","","","","","","","","","","0.000","0.000","0.000","0.000","0.000","0.000","0.000","0.000","0.000","0.000","0.000","0.000","0.000","0.000","0.000","0.000","0.000","0.000","0.000","0.000","0.000","0.000","0.000","0.000","0.000","0.000","0.000","0.000","0.000","0.000","0.000"
"Institution Shares Held","","","","","","","","","","","","","","","","","0.000","0.000","0.000","0.000","0.000","0.000","0.000","0.000","0.000","0.000","0.000","0.000","0.000","0.000","","","","","","","","","","","","","","","","","","","","","","","","","","","","","","","","","","","","","","","","","","","","","","","","","","","","","","","","","","","","","","","","","","","","","","","","","","","","","","","","","","","","","","","","","","","","0.000","0.000","0.000","0.000","0.000","0.000","0.000","0.000","0.000","0.000","0.000","0.000","0.000","0.000","0.000","0.000","0.000","0.000","0.000","0.000","0.000","0.000","0.000","0.000","0.000","0.000","0.000","0.000","0.000","0.000","0.000"
"Insider Ownership %","","","","","","","","","","","","","","","","","0.000","0.000","0.000","0.000","0.000","0.000","0.000","0.000","0.000","0.000","0.000","0.000","0.000","0.000","","","","","","","","","","","","","","","","","","","","","","","","","","","","","","","","","","","","","","","","","","","","","","","","","","","","","","","","","","","","","","","","","","","","","","","","","","","","","","","","","","","","","","","","","","","","0.000","0.000","0.000","0.000","0.000","0.000","0.000","0.000","0.000","0.000","0.000","0.000","0.000","0.000","0.000","0.000","0.000","0.000","0.000","0.000","0.000","0.000","0.000","0.000","0.000","0.000","0.000","0.000","0.000","0.000","0.000"
"Institutional Ownership %","","","","","","","","","","","","","","","","","0.000","0.000","0.000","0.000","0.000","0.000","0.000","0.000","0.000","0.000","0.000","0.000","0.000","0.000","","","","","","","","","","","","","","","","","","","","","","","","","","","","","","","","","","","","","","","","","","","","","","","","","","","","","","","","","","","","","","","","","","","","","","","","","","","","","","","","","","","","","","","","","","","","0.000","0.000","0.000","0.000","0.000","0.000","0.000","0.000","0.000","0.000","0.000","0.000","0.000","0.000","0.000","0.000","0.000","0.000","0.000","0.000","0.000","0.000","0.000","0.000","0.000","0.000","0.000","0.000","0.000","0.000","0.000"
"Price-to-Net-Current-Asset-Value","","","","","","","","","","","","","","","","","0.000","0.000","0.000","0.000","0.000","0.000","0.000","0.000","0.000","0.000","0.000","0.000","0.000","0.000","","","","","","","","","","","","","","","","","","","","","","","","","","","","","","","","","","","","","","","","","","","","","","","","","","","","","","","","","","","","","","","","","","","","","","","","","","","","","","","","","","","","","","","","","","","","0.000","0.000","0.000","0.000","0.000","0.000","0.000","0.000","0.000","0.000","0.000","0.000","0.000","0.000","0.000","0.000","0.000","0.000","0.000","0.000","0.000","0.000","0.000","0.000","0.000","0.000","0.000","0.000","0.000","0.000","0.000"
"Price-to-Net-Net-Working-Capital","","","","","","","","","","","","","","","","","0.000","0.000","0.000","0.000","0.000","0.000","0.000","0.000","0.000","0.000","0.000","0.000","0.000","0.000","","","","","","","","","","","","","","","","","","","","","","","","","","","","","","","","","","","","","","","","","","","","","","","","","","","","","","","","","","","","","","","","","","","","","","","","","","","","","","","","","","","","","","","","","","","","0.000","0.000","0.000","0.000","0.000","0.000","0.000","0.000","0.000","0.000","0.000","0.000","0.000","0.000","0.000","0.000","0.000","0.000","0.000","0.000","0.000","0.000","0.000","0.000","0.000","0.000","0.000","0.000","0.000","0.000","0.000"
"Price-to-Graham-Number","-","-","-","-","-","-","-","-","-","-","-","-","-","-","-","-","1.210","0.930","0.000","0.980","0.660","1.110","1.220","1.080","1.100","1.060","0.960","1.130","0.700","0.640","0.630","","-","-","-","-","-","-","-","-","-","-","-","-","-","-","-","-","-","-","-","-","-","-","-","-","-","-","-","-","-","-","-","-","-","-","-","-","-","-","-","-","-","-","-","-","-","-","-","-","-","-","-","-","-","-","-","-","-","-","-","-","-","-","-","-","-","-","-","-","-","-","-","-","-","-","-","-","-","-","-","-","-","-","-","0.000","0.000","0.000","0.000","0.460","0.050","0.000","0.000","0.060","0.000","1.030","1.040","1.020","1.020","1.060","1.130","1.100","1.200","1.200","1.150","1.060","1.000","1.000","1.000","0.960","0.990","1.010","1.050","1.130","0.710","0.660","0.690","0.700","0.750","0.670","0.710","0.640"
"Price-to-Intrinsic-Value-DCF (Earnings Based)","","","","","","","","","","","","","","","","","0.000","0.000","0.000","0.000","0.000","0.000","0.000","0.000","0.000","0.000","0.000","0.000","0.000","0.000","","","","","","","","","","","","","","","","","","","","","","","","","","","","","","","","","","","","","","","","","","","","","","","","","","","","","","","","","","","","","","","","","","","","","","","","","","","","","","","","","","","","","","","","","","","","0.000","0.000","0.000","0.000","0.000","0.000","0.000","0.000","0.000","0.000","0.000","0.000","0.000","0.000","0.000","0.000","0.000","0.000","0.000","0.000","0.000","0.000","0.000","0.000","0.000","0.000","0.000","0.000","0.000","0.000","0.000"
"Price-to-Intrinsic-Value-DCF (FCF Based)","","","","","","","","","","","","","","","","","0.000","0.000","0.000","0.000","0.000","0.000","0.000","0.000","0.000","0.000","0.000","0.000","0.000","0.000","","","","","","","","","","","","","","","","","","","","","","","","","","","","","","","","","","","","","","","","","","","","","","","","","","","","","","","","","","","","","","","","","","","","","","","","","","","","","","","","","","","","","","","","","","","","0.000","0.000","0.000","0.000","0.000","0.000","0.000","0.000","0.000","0.000","0.000","0.000","0.000","0.000","0.000","0.000","0.000","0.000","0.000","0.000","0.000","0.000","0.000","0.000","0.000","0.000","0.000","0.000","0.000","0.000","0.000"
"Price-to-Earnings-Power-Value","-","-","-","-","-","-","-","-","-","-","-","-","-","-","-","-","0.000","0.000","0.000","0.000","0.000","0.000","0.000","0.000","0.000","13.920","5.750","13.920","0.000","0.000","","","-","-","-","-","-","-","-","-","-","-","-","-","-","-","-","-","-","-","-","-","-","-","-","-","-","-","-","-","-","-","-","-","-","-","-","-","-","-","-","-","-","-","-","-","-","-","-","-","-","-","-","-","-","-","-","-","-","-","-","-","-","-","-","-","-","-","-","-","-","-","-","-","-","-","-","-","-","-","-","-","-","-","-","0.000","0.000","0.000","0.000","0.000","0.000","0.000","0.000","0.000","0.000","0.000","0.000","0.000","0.000","0.000","0.000","0.000","0.000","0.000","4.580","13.920","0.000","53.540","7.480","5.750","7.650","0.000","13.920","13.920","0.000","0.000","0.000","0.000","0.000","39.640","2.550","0.000"
"Price-to-Intrinsic-Value-Projected-FCF","-","-","-","-","-","-","-","-","-","-","-","-","-","-","-","-","0.000","0.000","0.000","0.000","0.000","0.870","0.970","2.410","0.000","0.000","0.860","0.760","0.660","0.580","0.570","","-","-","-","-","-","-","-","-","-","-","-","-","-","-","-","-","-","-","-","-","-","-","-","-","-","-","-","-","-","-","-","-","-","-","-","-","-","-","-","-","-","-","-","-","-","-","-","-","-","-","-","-","-","-","-","-","-","-","-","-","-","-","-","-","-","-","-","-","-","-","-","-","-","-","-","-","-","-","-","-","-","-","-","0.000","0.000","0.000","0.000","0.000","0.000","0.000","0.000","0.000","0.000","0.000","0.000","2.410","0.000","0.000","0.000","0.000","0.000","0.000","0.000","0.000","0.000","0.000","1.170","0.860","0.810","0.890","0.700","0.760","0.630","0.750","0.800","0.660","0.800","0.440","0.320","0.580"
"Price-to-Peter-Lynch-Fair-Value","-","-","-","-","-","-","-","-","-","-","-","-","-","-","-","-","0.000","0.000","0.000","0.000","0.000","0.000","0.000","0.000","0.000","0.000","0.000","2.030","0.000","0.000","0.000","","-","-","-","-","-","-","-","-","-","-","-","-","-","-","-","-","-","-","-","-","-","-","-","-","-","-","-","-","-","-","-","-","-","-","-","-","-","-","-","-","-","-","-","-","-","-","-","-","-","-","-","-","-","-","-","-","-","-","-","-","-","-","-","-","-","-","-","-","-","-","-","-","-","-","-","-","-","-","-","-","-","-","-","0.000","0.000","0.000","0.000","0.000","0.000","0.000","0.000","0.000","0.000","0.000","0.000","0.000","0.000","0.000","0.000","0.000","0.000","0.000","0.000","0.000","0.000","0.000","0.000","0.000","0.000","0.750","1.890","2.030","0.000","0.000","0.000","0.000","0.000","0.000","0.000","0.000"
"Price-to-Median-PB-Value","-","-","-","-","-","-","-","-","-","-","-","-","-","-","-","-","0.740","0.780","1.110","0.860","0.610","1.040","1.260","1.090","1.080","1.060","0.960","0.920","0.560","0.470","0.000","","-","-","-","-","-","-","-","-","-","-","-","-","-","-","-","-","-","-","-","-","-","-","-","-","-","-","-","-","-","-","-","-","-","-","-","-","-","-","-","-","-","-","-","-","-","-","-","-","-","-","-","-","-","-","-","-","-","-","-","-","-","-","-","-","-","-","-","-","-","-","-","-","-","-","-","-","-","-","-","-","-","-","-","0.740","0.780","1.110","0.860","0.610","1.040","0.000","0.000","1.260","0.000","1.080","1.090","1.090","1.090","1.090","1.150","1.080","1.170","1.190","1.140","1.060","1.000","1.000","1.000","0.960","0.940","0.940","0.930","0.920","0.570","0.520","0.550","0.560","0.600","0.530","0.540","0.470"
"Price-to-Median-PS-Value","-","-","-","-","-","-","-","-","-","-","-","-","-","-","-","-","0.690","0.710","0.860","0.000","0.000","0.000","1.720","1.130","0.930","0.890","1.030","1.170","0.770","0.640","0.630","","-","-","-","-","-","-","-","-","-","-","-","-","-","-","-","-","-","-","-","-","-","-","-","-","-","-","-","-","-","-","-","-","-","-","-","-","-","-","-","-","-","-","-","-","-","-","-","-","-","-","-","-","-","-","-","-","-","-","-","-","-","-","-","-","-","-","-","-","-","-","-","-","-","-","-","-","-","-","-","-","-","-","-","0.000","0.000","0.000","0.000","0.000","0.000","4.630","2.770","1.720","1.230","1.080","1.100","1.130","1.100","1.080","1.040","0.930","0.990","0.950","0.930","0.890","0.910","0.940","0.990","1.030","1.070","1.110","1.130","1.170","0.760","0.690","0.740","0.770","0.820","0.740","0.730","0.640"
"Price-to-Net-Cash","","","","","","","","","","","","","","","","","0.000","0.000","0.000","0.000","0.000","0.000","0.000","0.000","0.000","0.000","0.000","0.000","0.000","0.000","","","","","","","","","","","","","","","","","","","","","","","","","","","","","","","","","","","","","","","","","","","","","","","","","","","","","","","","","","","","","","","","","","","","","","","","","","","","","","","","","","","","","","","","","","","","0.000","0.000","0.000","0.000","0.000","0.000","0.000","0.000","0.000","0.000","0.000","0.000","0.000","0.000","0.000","0.000","0.000","0.000","0.000","0.000","0.000","0.000","0.000","0.000","0.000","0.000","0.000","0.000","0.000","0.000","0.000"
