Downloaded from http://www.GuruFocus.com on 2018-06-7 at 22:27(CST), Thursday
Filename: XKLS:1155.csv
Change log: For latest financial page display change  please click GuruFocus 30-Y Financials Page Item Changes.  Jan. 4  2017: Add 'Dividend Yield %' under 'Shiller PE Ratio' in 'Valuation Ratios' section.   Sep. 26  2016: Add 'Scaled Net Operating Assets' under 'Beneish M-Score' in 'Valuation and Quality' section.   Aug. 10  2016: Change 'LT Debt to Total Asset' to 'Total Debt to Total Asset'.   Jul. 29  2016: Add 'Effective Interest Rate on Debt %' below 'Weighted Average Cost Of Capital (WACC) %'.   Jul. 18  2016: Change 'Long-Term Debt' name to 'Long-Term Debt & Capital Lease Obligation'. Add 'Long-Term Debt' above 'Long-Term Debt & Capital Lease Obligation'. Move 'Capital Lease Obligation' in between 'Long-Term Debt' and 'Long-Term Debt & Capital Lease Obligation'.  May. 19  2016: Change 'Gross Margin %' to 'Net Interest Margin (Bank Only) %' for banks and insuance companies.   May. 13  2016: Add 'Current Ratio' below 'Sloan Ratio'. Add 'Quick Ratio' below 'Current Ratio'. Add 'Gross Profit to Total Asset' below 'LT Debt to Total Asset'.  Apr. 15  2016: Add 'Owner Earnings per Share (ttm)' below 'eps without NRI'. Add 'Price to Owner Earnings (ttm)' below 'PE Ratio (ttm)'.   Feb 12  2016: Change 'Filing Date' name to 'Restated Filing Date'. Add new 'Filing Date' above 'Restated Filing Date'. Remove 'Cumulative Effect Of Accounting Change' from Cashflow Statement (under Net Income).   Jan 28  2016: Add 'Total Debt per share' below 'Tangible Book per share'.   Jan 20  2016: Add 'Price-to-Operating-Cash-Flow ratio' below 'Price-to-Free-Cash-Flow ratio'.   Jan 18  2016: Add 'Net-Net Working Capital (per share)' below 'Net Current Asset Value (per share)'.  

XKLS:1155,Malayan Banking Bhd,Malaysia,Financial Services,Banks,Banks - GlobalBanks - Global
Key Statistics:
"Price","9.87"
"Market Cap (Million)","104945.930"
"Shares Outstanding (Million)","10943.27"
"PE Ratio","13.14"
"PB Ratio","1.42"
"PS Ratio","3.87"

Growth Rates:
"Annual Rates (per share)","10 yrs","5 yrs","12 months"
"Revenue Growth (%)","5.00","0.60","-2.00"
"EBITDA  Growth (%)","0.00","0.00","0.00"
"Free Cash Flow Growth (%)","0.00","0.00","0.00"
"Book Value Growth (%)","8.00","8.00","0.70"

30 Year Financials of XKLS:1155 - Malayan Banking Bhd

All Numbers are in Millions except per share data and ratios; All shares outstanding data and per share data are split adjusted

Annual Data:,,,,,,,,,,,,,,,,,,,,,,,,,,,,,,,,,Quarterly Data:
"Fiscal Period","198806","198906","199006","199106","199206","199306","199406","199506","199606","199706","199806","199906","200006","200106","200206","200306","200406","200506","200606","200706","200806","200906","201006","201106","201212","201312","201412","201512","201612","201712","TTM/current",",","198312","198403","198406","198409","198412","198503","198506","198509","198512","198603","198606","198609","198612","198703","198706","198709","198712","198803","198806","198809","198812","198903","198906","198909","198912","199003","199006","199009","199012","199103","199106","199109","199112","199203","199206","199209","199212","199303","199306","199309","199312","199403","199406","199409","199412","199503","199506","199509","199512","199603","199606","199609","199612","199703","199706","199709","199712","199803","199806","199809","199812","199903","199906","199909","199912","200003","200006","200009","200012","200103","200106","200109","200112","200203","200206","200209","200212","200303","200306","200309","200312","200403","200406","200409","200412","200503","200506","200606","200706","200806","200906","201006","201106","201109","201112","201203","201206","201209","201212","201303","201306","201309","201312","201403","201406","201409","201412","201503","201506","201509","201512","201603","201606","201609","201612","201703","201706","201709","201712","201803"
"Revenue per Share","-","-","-","-","-","-","-","-","-","-","-","-","-","-","-","-","-","1.391","1.536","1.649","1.753","1.825","1.741","1.852","2.459","2.487","2.367","2.447","2.554","2.503","2.485","","-","-","-","-","-","-","-","-","-","-","-","-","-","-","-","-","-","-","-","-","-","-","-","-","-","-","-","-","-","-","-","-","-","-","-","-","-","-","-","-","-","-","-","-","-","-","-","-","-","-","-","-","-","-","-","-","-","-","-","-","-","-","-","-","-","-","-","-","-","-","-","-","-","-","-","-","-","-","-","-","-","-","-","-","-","-","0.000","0.000","0.000","0.000","0.000","0.000","0.000","0.505","0.713","0.677","0.638","0.617","0.533","0.608","0.631","0.643","0.605","0.590","0.579","0.578","0.617","0.657","0.621","0.648","0.539","0.648","0.614","0.610","0.676","0.633","0.640","0.646","0.598","0.601"
"EBITDA per Share","-","-","-","-","-","-","-","-","-","-","-","-","-","-","-","-","-","0.000","0.000","0.000","0.000","0.000","0.000","0.000","0.000","0.000","0.000","0.000","0.000","0.000","0.000","","-","-","-","-","-","-","-","-","-","-","-","-","-","-","-","-","-","-","-","-","-","-","-","-","-","-","-","-","-","-","-","-","-","-","-","-","-","-","-","-","-","-","-","-","-","-","-","-","-","-","-","-","-","-","-","-","-","-","-","-","-","-","-","-","-","-","-","-","-","-","-","-","-","-","-","-","-","-","-","-","-","-","-","-","-","-","0.000","0.000","0.000","0.000","0.000","0.000","0.000","0.000","0.000","0.000","0.000","0.000","0.000","0.000","0.000","0.000","0.000","0.000","0.000","0.000","0.000","0.000","0.000","0.000","0.000","0.000","0.000","0.000","0.000","0.000","0.000","0.000","0.000","0.000"
"EBIT per Share","-","-","-","-","-","-","-","-","-","-","-","-","-","-","-","-","-","0.000","0.000","0.000","0.000","0.000","0.000","0.000","0.000","0.000","0.000","0.000","0.000","0.000","0.000","","-","-","-","-","-","-","-","-","-","-","-","-","-","-","-","-","-","-","-","-","-","-","-","-","-","-","-","-","-","-","-","-","-","-","-","-","-","-","-","-","-","-","-","-","-","-","-","-","-","-","-","-","-","-","-","-","-","-","-","-","-","-","-","-","-","-","-","-","-","-","-","-","-","-","-","-","-","-","-","-","-","-","-","-","-","-","0.000","0.000","0.000","0.000","0.000","0.000","0.000","0.000","0.000","0.000","0.000","0.000","0.000","0.000","0.000","0.000","0.000","0.000","0.000","0.000","0.000","0.000","0.000","0.000","0.000","0.000","0.000","0.000","0.000","0.000","0.000","0.000","0.000","0.000"
"Earnings per Share (Diluted)","-","-","-","-","-","-","-","-","-","-","-","-","-","-","-","-","-","0.488","0.527","0.592","0.533","0.120","0.539","0.614","0.727","0.757","0.741","0.720","0.678","0.720","0.732","","-","-","-","-","-","-","-","-","-","-","-","-","-","-","-","-","-","-","-","-","-","-","-","-","-","-","-","-","-","-","-","-","-","-","-","-","-","-","-","-","-","-","-","-","-","-","-","-","-","-","-","-","-","-","-","-","-","-","-","-","-","-","-","-","-","-","-","-","-","-","-","-","-","-","-","-","-","-","-","-","-","-","-","-","-","-","-4.592","0.733","0.659","0.683","0.120","0.539","0.614","0.171","0.174","0.176","0.187","0.191","0.173","0.179","0.182","0.200","0.196","0.181","0.174","0.176","0.210","0.183","0.168","0.199","0.170","0.146","0.118","0.180","0.234","0.167","0.161","0.198","0.200","0.173"
"EPS without NRI","-","-","-","-","-","-","-","-","-","-","-","-","-","-","-","-","-","0.488","0.527","0.592","0.533","0.120","0.539","0.614","0.727","0.757","0.741","0.720","0.678","0.720","0.732","","-","-","-","-","-","-","-","-","-","-","-","-","-","-","-","-","-","-","-","-","-","-","-","-","-","-","-","-","-","-","-","-","-","-","-","-","-","-","-","-","-","-","-","-","-","-","-","-","-","-","-","-","-","-","-","-","-","-","-","-","-","-","-","-","-","-","-","-","-","-","-","-","-","-","-","-","-","-","-","-","-","-","-","-","-","-","-4.590","0.730","0.660","0.680","0.120","0.540","0.610","0.171","0.174","0.176","0.187","0.191","0.173","0.179","0.182","0.200","0.196","0.181","0.174","0.176","0.210","0.183","0.168","0.199","0.170","0.146","0.118","0.180","0.234","0.167","0.161","0.198","0.200","0.173"
"Owner Earnings per Share (TTM)","-","-","-","-","-","-","-","-","-","-","-","-","-","-","-","-","-","0.000","0.000","0.000","0.000","0.000","0.000","0.000","0.000","0.000","-0.662","-1.231","-0.526","0.090","1.959","","-","-","-","-","-","-","-","-","-","-","-","-","-","-","-","-","-","-","-","-","-","-","-","-","-","-","-","-","-","-","-","-","-","-","-","-","-","-","-","-","-","-","-","-","-","-","-","-","-","-","-","-","-","-","-","-","-","-","-","-","-","-","-","-","-","-","-","-","-","-","-","-","-","-","-","-","-","-","-","-","-","-","-","-","-","-","0.000","0.000","0.000","0.000","0.000","0.000","0.000","0.000","0.000","0.000","0.000","0.000","0.000","0.000","0.000","0.000","0.000","0.000","0.000","-0.355","-0.662","0.081","-0.386","-1.761","-1.231","-2.582","-0.035","0.612","-0.526","-1.482","-1.138","-0.929","0.090","1.959"
"Free Cash Flow per Share","-","-","-","-","-","-","-","-","-","-","-","-","-","-","-","-","-","0.359","2.496","1.145","-1.000","-1.345","0.095","0.722","-1.797","0.885","-0.579","-1.284","-0.270","0.211","2.117","","-","-","-","-","-","-","-","-","-","-","-","-","-","-","-","-","-","-","-","-","-","-","-","-","-","-","-","-","-","-","-","-","-","-","-","-","-","-","-","-","-","-","-","-","-","-","-","-","-","-","-","-","-","-","-","-","-","-","-","-","-","-","-","-","-","-","-","-","-","-","-","-","-","-","-","-","-","-","-","-","-","-","-","-","-","-","0.000","0.000","0.000","0.000","0.000","0.000","0.000","0.000","0.000","-0.494","1.578","-1.914","-0.898","0.246","-0.044","0.605","0.078","0.450","-0.870","0.050","-0.197","1.188","-1.232","-1.280","0.005","-0.060","1.419","-0.640","-0.948","-0.967","1.590","-0.416","-0.011","0.954"
"Operating Cash Flow per Share","-","-","-","-","-","-","-","-","-","-","-","-","-","-","-","-","-","0.392","2.530","1.206","-0.955","-1.299","0.128","0.768","-1.692","0.989","-0.510","-1.231","-0.213","0.288","2.199","","-","-","-","-","-","-","-","-","-","-","-","-","-","-","-","-","-","-","-","-","-","-","-","-","-","-","-","-","-","-","-","-","-","-","-","-","-","-","-","-","-","-","-","-","-","-","-","-","-","-","-","-","-","-","-","-","-","-","-","-","-","-","-","-","-","-","-","-","-","-","-","-","-","-","-","-","-","-","-","-","-","-","-","-","-","-","0.000","0.000","0.000","0.000","0.000","0.000","0.000","0.000","0.000","-0.467","1.592","-1.874","-0.874","0.261","-0.029","0.623","0.131","0.468","-0.859","0.063","-0.171","1.201","-1.224","-1.263","0.020","-0.004","1.385","-0.627","-0.926","-0.960","1.599","-0.403","0.035","0.968"
"Dividends per Share","-","-","-","-","-","-","-","-","-","-","-","-","-","-","-","-","-","0.359","0.539","0.539","0.548","0.180","0.190","0.720","0.080","0.435","0.590","0.570","0.500","0.450","0.450","","-","-","-","-","-","-","-","-","-","-","-","-","-","-","-","-","-","-","-","-","-","-","-","-","-","-","-","-","-","-","-","-","-","-","-","-","-","-","-","-","-","-","-","-","-","-","-","-","-","-","-","-","-","-","-","-","-","-","-","-","-","-","-","-","-","-","-","-","-","-","-","-","-","-","-","-","-","-","-","-","-","-","-","-","-","-","-4.641","0.000","0.000","0.548","0.000","0.000","0.720","0.000","0.320","0.000","0.040","0.040","0.000","0.000","0.370","0.065","0.000","0.000","0.350","0.240","0.000","0.000","0.330","0.000","0.240","0.000","0.300","0.200","0.000","0.000","0.220","0.230","0.000","0.000"
"Book Value per Share","-","-","-","-","-","-","-","-","-","-","-","-","-","-","-","-","-","3.199","3.192","3.546","3.551","3.518","3.939","4.207","4.988","5.190","5.684","6.320","6.722","6.771","6.734","","-","-","-","-","-","-","-","-","-","-","-","-","-","-","-","-","-","-","-","-","-","-","-","-","-","-","-","-","-","-","-","-","-","-","-","-","-","-","-","-","-","-","-","-","-","-","-","-","-","-","-","-","-","-","-","-","-","-","-","-","-","-","-","-","-","-","-","-","-","-","-","-","-","-","-","-","-","-","-","-","-","-","-","-","-","-","3.199","3.192","3.546","3.551","3.518","3.939","4.207","0.000","4.495","4.452","4.671","4.729","4.988","5.142","5.122","5.131","5.190","5.450","5.411","5.366","5.684","5.977","5.978","6.113","6.320","6.368","6.443","6.447","6.722","6.923","6.932","6.817","6.771","6.734"
"Tangible Book per Share","-","-","-","-","-","-","-","-","-","-","-","-","-","-","-","-","-","3.199","3.181","3.511","3.517","2.900","3.306","3.337","4.214","4.509","5.013","5.607","6.001","6.145","6.141","","-","-","-","-","-","-","-","-","-","-","-","-","-","-","-","-","-","-","-","-","-","-","-","-","-","-","-","-","-","-","-","-","-","-","-","-","-","-","-","-","-","-","-","-","-","-","-","-","-","-","-","-","-","-","-","-","-","-","-","-","-","-","-","-","-","-","-","-","-","-","-","-","-","-","-","-","-","-","-","-","-","-","-","-","-","-","3.199","3.181","3.511","3.517","2.900","3.306","3.337","0.000","3.611","3.634","3.862","3.961","4.214","4.365","4.365","4.433","4.509","4.739","4.751","4.731","5.013","5.298","5.307","5.415","5.607","5.695","5.756","5.762","6.001","6.204","6.240","6.158","6.145","6.141"
"Total Debt per Share","-","-","-","-","-","-","-","-","-","-","-","-","-","-","-","-","-","0.586","0.737","1.172","1.176","1.579","1.539","3.062","4.056","3.976","4.635","6.140","6.062","5.613","5.469","","-","-","-","-","-","-","-","-","-","-","-","-","-","-","-","-","-","-","-","-","-","-","-","-","-","-","-","-","-","-","-","-","-","-","-","-","-","-","-","-","-","-","-","-","-","-","-","-","-","-","-","-","-","-","-","-","-","-","-","-","-","-","-","-","-","-","-","-","-","-","-","-","-","-","-","-","-","-","-","-","-","-","-","-","-","-","0.586","0.737","1.172","1.176","1.579","1.539","3.062","0.000","4.470","1.100","1.351","1.686","4.056","4.151","3.924","4.213","3.976","4.381","4.424","4.434","4.635","5.039","5.068","5.686","6.140","5.485","5.796","5.628","6.062","6.042","6.513","5.934","5.613","5.469"
"Month End Stock Price","-","-","-","-","-","-","-","-","-","-","-","-","-","-","-","-","-","7.830","7.690","8.620","6.330","5.900","7.560","8.940","9.200","9.980","9.170","8.400","8.200","9.800","9.870","","-","-","-","-","-","-","-","-","-","-","-","-","-","-","-","-","-","-","-","-","-","-","-","-","-","-","-","-","-","-","-","-","-","-","-","-","-","-","-","-","-","-","-","-","-","-","-","-","-","-","-","-","-","-","-","-","-","-","-","-","-","-","-","-","-","-","-","-","-","-","-","-","-","-","-","-","-","-","-","-","-","-","-","-","-","-","7.830","7.690","8.620","6.330","5.900","7.560","8.940","8.000","8.580","8.870","8.700","9.010","9.200","9.350","10.400","9.840","9.980","9.680","9.830","9.960","9.170","9.330","9.140","8.560","8.400","9.020","8.140","7.500","8.200","8.920","9.630","9.530","9.800","10.600"
"ROE %","-","-","-","-","-","-","-","-","-","-","-","-","-","-","-","-","-","15.260","16.670","17.630","15.210","3.130","14.470","15.000","15.620","14.880","13.570","11.920","10.360","10.630","10.680","","-","-","-","-","-","-","-","-","-","-","-","-","-","-","-","-","-","-","-","-","-","-","-","-","-","-","-","-","-","-","-","-","-","-","-","-","-","-","-","-","-","-","-","-","-","-","-","-","-","-","-","-","-","-","-","-","-","-","-","-","-","-","-","-","-","-","-","-","-","-","-","-","-","-","-","-","-","-","-","-","-","-","-","-","-","-","0.000","0.000","0.000","0.000","0.000","0.000","0.000","33.770","29.330","15.760","16.270","16.270","14.740","14.090","14.260","15.670","15.290","13.590","12.970","13.000","15.000","12.520","11.300","13.070","10.890","9.220","7.400","11.130","14.070","9.790","9.360","11.320","11.760","10.240"
"ROE % Adjusted to Book Value","-","-","-","-","-","-","-","-","-","-","-","-","-","-","-","-","-","6.230","6.920","7.260","8.540","1.860","7.540","7.040","8.490","7.750","8.430","8.960","8.490","7.330","7.520","","-","-","-","-","-","-","-","-","-","-","-","-","-","-","-","-","-","-","-","-","-","-","-","-","-","-","-","-","-","-","-","-","-","-","-","-","-","-","-","-","-","-","-","-","-","-","-","-","-","-","-","-","-","-","-","-","-","-","-","-","-","-","-","-","-","-","-","-","-","-","-","-","-","-","-","-","-","-","-","-","-","-","-","-","-","-","0.000","0.000","0.000","0.000","0.000","0.000","0.000","0.000","15.360","7.920","8.750","8.520","8.010","7.740","7.020","8.160","7.960","7.630","7.130","6.990","9.320","8.030","7.390","9.340","8.190","6.490","5.870","9.590","11.530","7.590","6.730","8.090","8.110","6.520"
"ROA %","-","-","-","-","-","-","-","-","-","-","-","-","-","-","-","-","-","1.330","1.360","1.350","1.140","0.260","1.230","1.190","1.270","1.240","1.120","1.010","0.930","1.000","1.010","","-","-","-","-","-","-","-","-","-","-","-","-","-","-","-","-","-","-","-","-","-","-","-","-","-","-","-","-","-","-","-","-","-","-","-","-","-","-","-","-","-","-","-","-","-","-","-","-","-","-","-","-","-","-","-","-","-","-","-","-","-","-","-","-","-","-","-","-","-","-","-","-","-","-","-","-","-","-","-","-","-","-","-","-","-","-","0.000","0.000","0.000","0.000","0.000","0.000","0.000","2.580","2.230","1.180","1.200","1.240","1.200","1.200","1.200","1.290","1.260","1.130","1.080","1.080","1.230","1.050","0.960","1.110","0.940","0.810","0.650","1.000","1.300","0.920","0.890","1.070","1.110","0.980"
"ROIC %","-","-","-","-","-","-","-","-","-","-","-","-","-","-","-","-","-","0.000","0.000","0.000","0.000","0.000","0.000","0.000","0.000","0.000","0.000","0.000","0.000","0.000","0.000","","-","-","-","-","-","-","-","-","-","-","-","-","-","-","-","-","-","-","-","-","-","-","-","-","-","-","-","-","-","-","-","-","-","-","-","-","-","-","-","-","-","-","-","-","-","-","-","-","-","-","-","-","-","-","-","-","-","-","-","-","-","-","-","-","-","-","-","-","-","-","-","-","-","-","-","-","-","-","-","-","-","-","-","-","-","-","0.000","0.000","0.000","0.000","0.000","0.000","0.000","0.000","0.000","0.000","0.000","0.000","0.000","0.000","0.000","0.000","0.000","0.000","0.000","0.000","0.000","0.000","0.000","0.000","0.000","0.000","0.000","0.000","0.000","0.000","0.000","0.000","0.000","0.000"
"WACC %","-","-","-","-","-","-","-","-","-","-","-","-","-","-","-","-","-","0.000","0.000","0.000","0.000","0.000","0.000","0.000","10.860","10.170","10.060","9.720","9.790","9.530","9.610","","-","-","-","-","-","-","-","-","-","-","-","-","-","-","-","-","-","-","-","-","-","-","-","-","-","-","-","-","-","-","-","-","-","-","-","-","-","-","-","-","-","-","-","-","-","-","-","-","-","-","-","-","-","-","-","-","-","-","-","-","-","-","-","-","-","-","-","-","-","-","-","-","-","-","-","-","-","-","-","-","-","-","-","-","-","-","0.000","0.000","0.000","0.000","0.000","0.000","0.000","0.000","10.740","12.050","12.510","11.950","10.860","10.170","10.150","9.770","10.170","9.930","9.650","9.300","10.060","9.610","9.550","9.420","9.720","9.320","8.930","9.170","9.790","9.610","9.440","9.390","9.530","9.510"
"Effective Interest Rate on Debt %","-","-","-","-","-","-","-","-","-","-","-","-","-","-","-","-","-","110.010","123.070","111.770","83.680","64.330","37.920","28.720","22.300","19.790","20.780","17.250","15.740","16.210","16.090","","-","-","-","-","-","-","-","-","-","-","-","-","-","-","-","-","-","-","-","-","-","-","-","-","-","-","-","-","-","-","-","-","-","-","-","-","-","-","-","-","-","-","-","-","-","-","-","-","-","-","-","-","-","-","-","-","-","-","-","-","-","-","-","-","-","-","-","-","-","-","-","-","-","-","-","-","-","-","-","-","-","-","-","-","-","-","0.000","0.000","0.000","0.000","0.000","0.000","0.000","51.680","34.700","28.910","67.430","54.590","27.010","18.420","19.430","20.280","20.430","20.260","19.880","19.950","21.720","19.360","17.890","17.040","16.570","17.090","17.400","16.650","15.950","15.560","15.390","15.470","16.470","16.660"
"Net Interest Margin (Bank Only) %","-","-","-","-","-","-","-","-","-","-","-","-","-","-","-","-","-","3.560","3.570","3.770","3.550","3.380","3.460","3.130","3.280","3.230","3.190","3.150","2.950","3.080","2.940","","-","-","-","-","-","-","-","-","-","-","-","-","-","-","-","-","-","-","-","-","-","-","-","-","-","-","-","-","-","-","-","-","-","-","-","-","-","-","-","-","-","-","-","-","-","-","-","-","-","-","-","-","-","-","-","-","-","-","-","-","-","-","-","-","-","-","-","-","-","-","-","-","-","-","-","-","-","-","-","-","-","-","-","-","-","-","0.000","0.000","0.000","0.000","0.000","0.000","0.000","5.900","6.200","3.170","3.180","3.150","3.190","3.500","3.870","3.730","3.520","3.390","3.350","3.320","3.100","3.150","3.150","3.210","3.110","3.120","3.030","3.020","3.030","3.080","3.100","3.130","3.060","2.720"
"Operating Margin %","-","-","-","-","-","-","-","-","-","-","-","-","-","-","-","-","-","0.000","0.000","0.000","0.000","0.000","0.000","0.000","0.000","0.000","0.000","0.000","0.000","0.000","0.000","","-","-","-","-","-","-","-","-","-","-","-","-","-","-","-","-","-","-","-","-","-","-","-","-","-","-","-","-","-","-","-","-","-","-","-","-","-","-","-","-","-","-","-","-","-","-","-","-","-","-","-","-","-","-","-","-","-","-","-","-","-","-","-","-","-","-","-","-","-","-","-","-","-","-","-","-","-","-","-","-","-","-","-","-","-","-","0.000","0.000","0.000","0.000","0.000","0.000","0.000","0.000","0.000","0.000","0.000","0.000","0.000","0.000","0.000","0.000","0.000","0.000","0.000","0.000","0.000","0.000","0.000","0.000","0.000","0.000","0.000","0.000","0.000","0.000","0.000","0.000","0.000","0.000"
"Net Margin %","-","-","-","-","-","-","-","-","-","-","-","-","-","-","-","-","-","35.680","35.050","36.740","31.180","7.140","32.200","33.160","29.560","30.450","31.320","28.110","26.560","28.780","29.420","","-","-","-","-","-","-","-","-","-","-","-","-","-","-","-","-","-","-","-","-","-","-","-","-","-","-","-","-","-","-","-","-","-","-","-","-","-","-","-","-","-","-","-","-","-","-","-","-","-","-","-","-","-","-","-","-","-","-","-","-","-","-","-","-","-","-","-","-","-","-","-","-","-","-","-","-","-","-","-","-","-","-","-","-","-","-","0.000","0.000","0.000","0.000","0.000","0.000","0.000","35.040","23.540","25.980","29.240","30.990","32.490","29.350","28.880","31.130","32.380","30.660","30.090","30.390","33.930","27.790","27.010","30.670","26.890","22.590","19.210","29.420","34.280","26.410","25.070","30.710","33.310","28.690"
"FCF Margin %","-","-","-","-","-","-","-","-","-","-","-","-","-","-","-","-","-","25.780","162.500","69.420","-57.030","-73.700","5.460","38.980","-73.080","35.590","-24.470","-52.470","-10.560","8.430","85.680","","-","-","-","-","-","-","-","-","-","-","-","-","-","-","-","-","-","-","-","-","-","-","-","-","-","-","-","-","-","-","-","-","-","-","-","-","-","-","-","-","-","-","-","-","-","-","-","-","-","-","-","-","-","-","-","-","-","-","-","-","-","-","-","-","-","-","-","-","-","-","-","-","-","-","-","-","-","-","-","-","-","-","-","-","-","-","0.000","0.000","0.000","0.000","0.000","0.000","0.000","0.000","0.000","-72.990","247.470","-310.200","-168.380","40.470","-6.980","93.990","12.850","76.270","-150.220","8.640","-32.020","180.750","-198.530","-197.470","0.860","-9.330","231.270","-104.910","-140.170","-152.730","248.300","-64.460","-1.920","158.620"
"Debt-to-Equity","-","-","-","-","-","-","-","-","-","-","-","-","-","-","-","-","-","0.183","0.231","0.330","0.331","0.449","0.391","0.728","0.813","0.766","0.815","0.971","0.902","0.829","0.812","","-","-","-","-","-","-","-","-","-","-","-","-","-","-","-","-","-","-","-","-","-","-","-","-","-","-","-","-","-","-","-","-","-","-","-","-","-","-","-","-","-","-","-","-","-","-","-","-","-","-","-","-","-","-","-","-","-","-","-","-","-","-","-","-","-","-","-","-","-","-","-","-","-","-","-","-","-","-","-","-","-","-","-","-","-","-","0.183","0.231","0.330","0.331","0.449","0.391","0.728","-","0.994","0.247","0.289","0.356","0.813","0.807","0.766","0.821","0.766","0.804","0.818","0.826","0.815","0.843","0.848","0.930","0.971","0.861","0.899","0.873","0.902","0.873","0.940","0.871","0.829","0.812"
"Equity-to-Asset","-","-","-","-","-","-","-","-","-","-","-","-","-","-","-","-","-","0.085","0.075","0.075","0.072","0.080","0.083","0.076","0.085","0.082","0.083","0.087","0.093","0.095","0.095","","-","-","-","-","-","-","-","-","-","-","-","-","-","-","-","-","-","-","-","-","-","-","-","-","-","-","-","-","-","-","-","-","-","-","-","-","-","-","-","-","-","-","-","-","-","-","-","-","-","-","-","-","-","-","-","-","-","-","-","-","-","-","-","-","-","-","-","-","-","-","-","-","-","-","-","-","-","-","-","-","-","-","-","-","-","-","0.000","0.000","0.000","0.000","0.000","0.000","0.000","0.000","0.076","0.073","0.075","0.078","0.085","0.085","0.083","0.082","0.082","0.083","0.084","0.082","0.083","0.084","0.085","0.085","0.087","0.088","0.088","0.092","0.093","0.095","0.095","0.094","0.095","0.095"
"Debt-to-Asset","-","-","-","-","-","-","-","-","-","-","-","-","-","-","-","-","-","0.016","0.017","0.025","0.024","0.036","0.032","0.056","0.069","0.063","0.067","0.085","0.084","0.079","0.077","","-","-","-","-","-","-","-","-","-","-","-","-","-","-","-","-","-","-","-","-","-","-","-","-","-","-","-","-","-","-","-","-","-","-","-","-","-","-","-","-","-","-","-","-","-","-","-","-","-","-","-","-","-","-","-","-","-","-","-","-","-","-","-","-","-","-","-","-","-","-","-","-","-","-","-","-","-","-","-","-","-","-","-","-","-","-","0.000","0.000","0.000","0.000","0.000","0.000","0.000","0.000","0.076","0.018","0.022","0.028","0.069","0.068","0.064","0.067","0.063","0.067","0.068","0.068","0.067","0.071","0.072","0.079","0.085","0.076","0.079","0.080","0.084","0.083","0.089","0.082","0.079","0.077"
"Asset Turnover","-","-","-","-","-","-","-","-","-","-","-","-","-","-","-","-","-","0.037","0.039","0.037","0.037","0.036","0.038","0.036","0.043","0.041","0.036","0.036","0.035","0.035","0.030","","-","-","-","-","-","-","-","-","-","-","-","-","-","-","-","-","-","-","-","-","-","-","-","-","-","-","-","-","-","-","-","-","-","-","-","-","-","-","-","-","-","-","-","-","-","-","-","-","-","-","-","-","-","-","-","-","-","-","-","-","-","-","-","-","-","-","-","-","-","-","-","-","-","-","-","-","-","-","-","-","-","-","-","-","-","-","0.000","0.000","0.000","0.000","0.000","0.000","0.000","0.018","0.024","0.011","0.010","0.010","0.009","0.010","0.010","0.010","0.010","0.009","0.009","0.009","0.009","0.009","0.009","0.009","0.009","0.009","0.008","0.008","0.009","0.009","0.009","0.009","0.008","0.008"
"Dividend Payout Ratio","-","-","-","-","-","-","-","-","-","-","-","-","-","-","-","-","-","0.736","1.023","0.910","1.028","1.500","0.353","1.173","0.110","0.575","0.796","0.792","0.737","0.625","0.620","","-","-","-","-","-","-","-","-","-","-","-","-","-","-","-","-","-","-","-","-","-","-","-","-","-","-","-","-","-","-","-","-","-","-","-","-","-","-","-","-","-","-","-","-","-","-","-","-","-","-","-","-","-","-","-","-","-","-","-","-","-","-","-","-","-","-","-","-","-","-","-","-","-","-","-","-","-","-","-","-","-","-","-","-","-","-","0.000","0.000","0.000","0.806","0.000","0.000","1.180","0.000","1.839","0.000","0.214","0.209","0.000","0.000","2.033","0.325","0.000","0.000","2.011","1.364","0.000","0.000","1.964","0.000","1.412","0.000","2.542","1.111","0.000","0.000","1.366","1.162","0.000","0.000"
"  Interest Income","-","-","-","-","-","-","-","-","-","-","-","-","-","-","-","-","-","7,564.457","8,726.961","10,856.095","10,755.867","11,569.863","10,955.220","12,037.987","15,666.299","16,458.817","17,851.688","20,007.274","20,940.499","22,056.334","22,146.690","","-","-","-","-","-","-","-","-","-","-","-","-","-","-","-","-","-","-","-","-","-","-","-","-","-","-","-","-","-","-","-","-","-","-","-","-","-","-","-","-","-","-","-","-","-","-","-","-","-","-","-","-","-","-","-","-","-","-","-","-","-","-","-","-","-","-","-","-","-","-","-","-","-","-","-","-","-","-","-","-","-","-","-","-","-","-","0.000","0.000","0.000","0.000","0.000","0.000","0.000","3,352.634","3,633.684","3,748.705","3,895.091","3,976.466","4,046.037","4,022.248","4,061.487","4,187.157","4,219.373","4,267.950","4,365.224","4,489.273","4,736.513","4,784.612","4,799.985","5,099.523","5,323.767","5,301.419","5,158.557","5,193.244","5,287.279","5,434.693","5,507.466","5,561.718","5,559.054","5,518.452"
"  Interest Expense","-","-","-","-","-","-","-","-","-","-","-","-","-","-","-","-","-","-3,304.723","-4,246.347","-5,723.172","-5,329.078","-5,650.357","-4,184.347","-4,852.057","-6,369.614","-6,873.537","-8,147.985","-8,893.129","-9,582.029","-9,909.293","-10,014.313","","-","-","-","-","-","-","-","-","-","-","-","-","-","-","-","-","-","-","-","-","-","-","-","-","-","-","-","-","-","-","-","-","-","-","-","-","-","-","-","-","-","-","-","-","-","-","-","-","-","-","-","-","-","-","-","-","-","-","-","-","-","-","-","-","-","-","-","-","-","-","-","-","-","-","-","-","-","-","-","-","-","-","-","-","-","-","0.000","0.000","0.000","0.000","0.000","0.000","0.000","-1,479.023","-1,481.017","-1,537.425","-1,602.342","-1,627.160","-1,602.687","-1,594.853","-1,679.993","-1,794.244","-1,835.905","-1,875.119","-1,957.804","-2,027.682","-2,294.652","-2,179.751","-2,119.941","-2,202.704","-2,391.346","-2,422.987","-2,402.378","-2,380.770","-2,375.894","-2,400.090","-2,471.781","-2,507.151","-2,536.868","-2,498.513"
"Net Interest Income","-","-","-","-","-","-","-","-","-","-","-","-","-","-","-","-","-","4,259.734","4,480.614","5,132.923","5,426.789","5,919.506","6,770.873","7,185.930","9,296.685","9,585.280","9,703.703","11,114.145","11,358.470","12,147.041","12,132.377","","-","-","-","-","-","-","-","-","-","-","-","-","-","-","-","-","-","-","-","-","-","-","-","-","-","-","-","-","-","-","-","-","-","-","-","-","-","-","-","-","-","-","-","-","-","-","-","-","-","-","-","-","-","-","-","-","-","-","-","-","-","-","-","-","-","-","-","-","-","-","-","-","-","-","-","-","-","-","-","-","-","-","-","-","-","-","0.000","0.000","0.000","0.000","0.000","0.000","0.000","1,873.611","2,152.667","2,211.280","2,292.749","2,349.306","2,443.350","2,427.395","2,381.494","2,392.913","2,383.468","2,392.831","2,407.420","2,461.591","2,441.861","2,604.861","2,680.044","2,896.819","2,932.421","2,878.432","2,756.179","2,812.474","2,911.385","3,034.603","3,035.685","3,054.567","3,022.186","3,019.939"
"Non Interest Income","-","-","-","-","-","-","-","-","-","-","-","-","-","-","-","-","-","2,870.220","3,607.125","3,720.665","4,202.617","4,599.511","5,552.331","6,233.834","10,142.834","11,933.449","11,739.795","13,208.484","14,030.748","13,988.023","14,005.579","","-","-","-","-","-","-","-","-","-","-","-","-","-","-","-","-","-","-","-","-","-","-","-","-","-","-","-","-","-","-","-","-","-","-","-","-","-","-","-","-","-","-","-","-","-","-","-","-","-","-","-","-","-","-","-","-","-","-","-","-","-","-","-","-","-","-","-","-","-","-","-","-","-","-","-","-","-","-","-","-","-","-","-","-","-","-","0.000","0.000","0.000","0.000","0.000","0.000","0.000","1,915.967","3,195.277","2,973.906","2,624.489","2,494.323","2,050.116","2,705.006","3,047.091","3,217.431","2,966.335","2,831.181","2,829.185","2,829.666","3,249.823","3,514.447","3,187.321","3,295.014","3,211.702","3,437.282","3,282.206","3,291.544","3,974.337","3,412.291","3,580.335","3,545.829","3,378.324","3,501.091"
"Revenue","-","-","-","-","-","-","-","-","-","-","-","-","-","-","-","-","-","7,129.954","8,087.739","8,853.588","9,629.406","10,519.017","12,323.204","13,419.764","19,439.519","21,518.729","21,443.498","24,322.629","25,389.218","26,135.064","26,137.956","","-","-","-","-","-","-","-","-","-","-","-","-","-","-","-","-","-","-","-","-","-","-","-","-","-","-","-","-","-","-","-","-","-","-","-","-","-","-","-","-","-","-","-","-","-","-","-","-","-","-","-","-","-","-","-","-","-","-","-","-","-","-","-","-","-","-","-","-","-","-","-","-","-","-","-","-","-","-","-","-","-","-","-","-","-","-","0.000","0.000","0.000","0.000","0.000","0.000","0.000","3,789.578","5,347.944","5,185.186","4,917.238","4,843.629","4,493.466","5,132.401","5,428.585","5,610.344","5,349.803","5,224.012","5,236.605","5,291.257","5,691.684","6,119.308","5,867.365","6,191.833","6,144.123","6,315.714","6,038.385","6,104.018","6,885.722","6,446.894","6,616.020","6,600.396","6,400.510","6,521.030"
"Credit Losses Provision","-","-","-","-","-","-","-","-","-","-","-","-","-","-","-","-","-","0.000","0.000","0.000","0.000","0.000","0.000","0.000","0.000","0.000","0.000","0.000","0.000","0.000","0.000","","-","-","-","-","-","-","-","-","-","-","-","-","-","-","-","-","-","-","-","-","-","-","-","-","-","-","-","-","-","-","-","-","-","-","-","-","-","-","-","-","-","-","-","-","-","-","-","-","-","-","-","-","-","-","-","-","-","-","-","-","-","-","-","-","-","-","-","-","-","-","-","-","-","-","-","-","-","-","-","-","-","-","-","-","-","-","0.000","0.000","0.000","0.000","0.000","0.000","0.000","0.000","0.000","0.000","0.000","0.000","0.000","0.000","0.000","0.000","0.000","0.000","0.000","0.000","0.000","0.000","0.000","0.000","0.000","0.000","0.000","0.000","0.000","0.000","0.000","0.000","0.000","0.000"
"Selling, General, & Admin. Expense","-","-","-","-","-","-","-","-","-","-","-","-","-","-","-","-","-","431.791","562.553","649.997","0.000","0.000","0.000","0.000","2,773.222","3,069.154","3,045.658","3,458.757","3,619.622","3,879.788","3,789.073","","-","-","-","-","-","-","-","-","-","-","-","-","-","-","-","-","-","-","-","-","-","-","-","-","-","-","-","-","-","-","-","-","-","-","-","-","-","-","-","-","-","-","-","-","-","-","-","-","-","-","-","-","-","-","-","-","-","-","-","-","-","-","-","-","-","-","-","-","-","-","-","-","-","-","-","-","-","-","-","-","-","-","-","-","-","-","0.000","0.000","0.000","0.000","0.000","0.000","0.000","1,887.885","-481.052","815.541","759.859","822.248","375.574","725.578","719.481","762.091","871.456","674.559","696.399","735.040","939.660","790.964","803.177","972.550","892.066","897.213","901.024","927.990","893.395","958.836","931.604","1,073.252","894.393","889.824"
"  SpecialCharges","-","-","-","-","-","-","-","-","-","-","-","-","-","-","-","-","-","0.000","0.000","0.000","810.061","1,896.303","23.030","129.955","-40.527","-23.722","-62.502","-377.912","-71.904","-169.789","-227.105","","-","-","-","-","-","-","-","-","-","-","-","-","-","-","-","-","-","-","-","-","-","-","-","-","-","-","-","-","-","-","-","-","-","-","-","-","-","-","-","-","-","-","-","-","-","-","-","-","-","-","-","-","-","-","-","-","-","-","-","-","-","-","-","-","-","-","-","-","-","-","-","-","-","-","-","-","-","-","-","-","-","-","-","-","-","-","0.000","0.000","0.000","0.000","0.000","0.000","0.000","-1.018","-90.648","-13.724","-23.907","-3.687","0.791","-2.401","-2.447","-6.712","-12.162","-2.728","-8.232","-0.731","-50.811","-3.072","-0.849","-202.918","-171.073","-73.982","0.590","-16.311","-27.580","-1.476","-10.195","19.426","-177.544","-58.792"
"Other Noninterest Expense","-","-","-","-","-","-","-","-","-","-","-","-","-","-","-","-","-","6,698.163","7,525.186","8,203.591","9,629.406","10,519.017","12,323.204","13,419.764","16,666.297","18,449.575","18,397.840","20,863.872","21,769.596","22,255.276","22,348.883","","-","-","-","-","-","-","-","-","-","-","-","-","-","-","-","-","-","-","-","-","-","-","-","-","-","-","-","-","-","-","-","-","-","-","-","-","-","-","-","-","-","-","-","-","-","-","-","-","-","-","-","-","-","-","-","-","-","-","-","-","-","-","-","-","-","-","-","-","-","-","-","-","-","-","-","-","-","-","-","-","-","-","-","-","-","-","0.000","0.000","0.000","0.000","0.000","0.000","0.000","1,901.693","5,828.996","4,369.645","4,157.379","4,021.381","4,117.892","4,406.823","4,709.104","4,848.253","4,478.347","4,549.453","4,540.206","4,556.217","4,752.024","5,328.344","5,064.188","5,219.283","5,252.057","5,418.501","5,137.361","5,176.028","5,992.327","5,488.058","5,684.416","5,527.144","5,506.117","5,631.206"
"Operating Income","-","-","-","-","-","-","-","-","-","-","-","-","-","-","-","-","-","0.000","0.000","0.000","0.000","0.000","0.000","0.000","0.000","0.000","0.000","0.000","0.000","0.000","0.000","","-","-","-","-","-","-","-","-","-","-","-","-","-","-","-","-","-","-","-","-","-","-","-","-","-","-","-","-","-","-","-","-","-","-","-","-","-","-","-","-","-","-","-","-","-","-","-","-","-","-","-","-","-","-","-","-","-","-","-","-","-","-","-","-","-","-","-","-","-","-","-","-","-","-","-","-","-","-","-","-","-","-","-","-","-","-","0.000","0.000","0.000","0.000","0.000","0.000","0.000","0.000","0.000","0.000","0.000","0.000","0.000","0.000","0.000","0.000","0.000","0.000","0.000","0.000","0.000","0.000","0.000","0.000","0.000","0.000","0.000","0.000","0.000","0.000","0.000","0.000","0.000","0.000"
"Other Income (Expense)","-","-","-","-","-","-","-","-","-","-","-","-","-","-","-","-","-","3,494.492","3,988.065","4,363.698","4,086.070","1,674.292","5,370.408","6,270.467","7,896.302","8,869.594","9,111.583","9,151.548","8,844.450","10,098.096","10,405.694","","-","-","-","-","-","-","-","-","-","-","-","-","-","-","-","-","-","-","-","-","-","-","-","-","-","-","-","-","-","-","-","-","-","-","-","-","-","-","-","-","-","-","-","-","-","-","-","-","-","-","-","-","-","-","-","-","-","-","-","-","-","-","-","-","-","-","-","-","-","-","-","-","-","-","-","-","-","-","-","-","-","-","-","-","-","-","0.000","0.000","0.000","0.000","0.000","0.000","0.000","1,840.485","1,730.607","1,894.572","2,026.468","2,025.511","1,949.751","2,126.726","2,088.850","2,352.419","2,301.599","2,207.788","2,246.814","2,225.995","2,430.986","2,242.013","2,150.483","2,382.949","2,376.103","1,931.345","1,583.989","2,456.111","2,873.005","2,249.070","2,244.491","2,678.387","2,926.148","2,556.668"
"  Other Income (Minority Interest)","-","-","-","-","-","-","-","-","-","-","-","-","-","-","-","-","-","-41.719","-62.166","74.499","74.138","58.839","-150.283","-169.480","-172.764","-218.942","-194.588","-150.449","-220.900","-276.332","-262.477","","-","-","-","-","-","-","-","-","-","-","-","-","-","-","-","-","-","-","-","-","-","-","-","-","-","-","-","-","-","-","-","-","-","-","-","-","-","-","-","-","-","-","-","-","-","-","-","-","-","-","-","-","-","-","-","-","-","-","-","-","-","-","-","-","-","-","-","-","-","-","-","-","-","-","-","-","-","-","-","-","-","-","-","-","-","-","0.000","0.000","0.000","0.000","0.000","0.000","0.000","-38.143","-56.904","-18.789","-42.195","-33.810","-77.970","-52.081","-55.176","-47.474","-64.211","-32.914","-43.295","-39.260","-79.119","-11.624","-36.827","-26.749","-75.249","-24.150","-39.361","-67.914","-89.475","-42.307","-65.787","-49.253","-118.985","-28.452"
"Pre-Tax Income","-","-","-","-","-","-","-","-","-","-","-","-","-","-","-","-","-","3,494.492","3,988.065","4,363.698","4,086.070","1,674.292","5,370.408","6,270.467","7,896.302","8,869.594","9,111.583","9,151.548","8,844.450","10,098.096","10,405.694","","-","-","-","-","-","-","-","-","-","-","-","-","-","-","-","-","-","-","-","-","-","-","-","-","-","-","-","-","-","-","-","-","-","-","-","-","-","-","-","-","-","-","-","-","-","-","-","-","-","-","-","-","-","-","-","-","-","-","-","-","-","-","-","-","-","-","-","-","-","-","-","-","-","-","-","-","-","-","-","-","-","-","-","-","-","-","0.000","0.000","0.000","0.000","0.000","0.000","0.000","1,840.485","1,730.607","1,894.572","2,026.468","2,025.511","1,949.751","2,126.726","2,088.850","2,352.419","2,301.599","2,207.788","2,246.814","2,225.995","2,430.986","2,242.013","2,150.483","2,382.949","2,376.103","1,931.345","1,583.989","2,456.111","2,873.005","2,249.070","2,244.491","2,678.387","2,926.148","2,556.668"
"Tax Provision","-","-","-","-","-","-","-","-","-","-","-","-","-","-","-","-","-","-950.247","-1,153.481","-1,110.827","-1,083.730","-923.578","-1,401.958","-1,650.709","-1,977.618","-2,098.261","-2,200.540","-2,165.160","-1,880.558","-2,301.222","-2,454.436","","-","-","-","-","-","-","-","-","-","-","-","-","-","-","-","-","-","-","-","-","-","-","-","-","-","-","-","-","-","-","-","-","-","-","-","-","-","-","-","-","-","-","-","-","-","-","-","-","-","-","-","-","-","-","-","-","-","-","-","-","-","-","-","-","-","-","-","-","-","-","-","-","-","-","-","-","-","-","-","-","-","-","-","-","-","-","0.000","0.000","0.000","0.000","0.000","0.000","0.000","-474.295","-414.698","-528.902","-546.367","-490.459","-411.890","-568.431","-465.940","-558.602","-505.288","-573.289","-627.988","-578.629","-420.634","-530.004","-529.122","-457.262","-648.772","-480.444","-384.687","-592.495","-422.932","-503.966","-520.264","-601.928","-675.064","-657.180"
"Tax Rate %","-","-","-","-","-","-","-","-","-","-","-","-","-","-","-","-","-","27.190","28.920","25.460","26.520","55.160","26.110","26.330","25.040","23.660","24.150","23.660","21.260","22.790","23.590","","-","-","-","-","-","-","-","-","-","-","-","-","-","-","-","-","-","-","-","-","-","-","-","-","-","-","-","-","-","-","-","-","-","-","-","-","-","-","-","-","-","-","-","-","-","-","-","-","-","-","-","-","-","-","-","-","-","-","-","-","-","-","-","-","-","-","-","-","-","-","-","-","-","-","-","-","-","-","-","-","-","-","-","-","-","-","0.000","0.000","0.000","0.000","0.000","0.000","0.000","25.770","23.960","27.920","26.960","24.210","21.130","26.730","22.310","23.750","21.950","25.970","27.950","25.990","17.300","23.640","24.600","19.190","27.300","24.880","24.290","24.120","14.720","22.410","23.180","22.470","23.070","25.700"
"Net Income (Continuing Operations)","-","-","-","-","-","-","-","-","-","-","-","-","-","-","-","-","-","2,585.964","2,896.750","3,178.372","2,928.202","691.875","4,118.733","4,619.758","5,918.684","6,771.333","6,911.043","6,986.388","6,963.892","7,796.874","7,951.258","","-","-","-","-","-","-","-","-","-","-","-","-","-","-","-","-","-","-","-","-","-","-","-","-","-","-","-","-","-","-","-","-","-","-","-","-","-","-","-","-","-","-","-","-","-","-","-","-","-","-","-","-","-","-","-","-","-","-","-","-","-","-","-","-","-","-","-","-","-","-","-","-","-","-","-","-","-","-","-","-","-","-","-","-","-","-","0.000","0.000","0.000","0.000","0.000","0.000","0.000","1,366.190","1,315.909","1,365.670","1,480.101","1,535.052","1,537.861","1,558.295","1,622.910","1,793.817","1,796.311","1,634.499","1,618.826","1,647.366","2,010.352","1,712.009","1,621.361","1,925.687","1,727.331","1,450.901","1,199.302","1,863.616","2,450.073","1,745.104","1,724.227","2,076.459","2,251.084","1,899.488"
"Net Income (Discontinued Operations)","-","-","-","-","-","-","-","-","-","-","-","-","-","-","-","-","-","0.000","0.000","0.000","0.000","0.000","0.000","0.000","0.000","0.000","0.000","0.000","0.000","0.000","0.000","","-","-","-","-","-","-","-","-","-","-","-","-","-","-","-","-","-","-","-","-","-","-","-","-","-","-","-","-","-","-","-","-","-","-","-","-","-","-","-","-","-","-","-","-","-","-","-","-","-","-","-","-","-","-","-","-","-","-","-","-","-","-","-","-","-","-","-","-","-","-","-","-","-","-","-","-","-","-","-","-","-","-","-","-","-","-","0.000","0.000","0.000","0.000","0.000","0.000","0.000","0.000","0.000","0.000","0.000","0.000","0.000","0.000","0.000","0.000","0.000","0.000","0.000","0.000","0.000","0.000","0.000","0.000","0.000","0.000","0.000","0.000","0.000","0.000","0.000","0.000","0.000","0.000"
"Net Income","-","-","-","-","-","-","-","-","-","-","-","-","-","-","-","-","-","2,544.245","2,834.584","3,252.871","3,002.340","750.714","3,968.450","4,450.278","5,745.920","6,552.391","6,716.455","6,835.939","6,742.992","7,520.542","7,688.781","","-","-","-","-","-","-","-","-","-","-","-","-","-","-","-","-","-","-","-","-","-","-","-","-","-","-","-","-","-","-","-","-","-","-","-","-","-","-","-","-","-","-","-","-","-","-","-","-","-","-","-","-","-","-","-","-","-","-","-","-","-","-","-","-","-","-","-","-","-","-","-","-","-","-","-","-","-","-","-","-","-","-","-","-","-","-","0.000","0.000","0.000","0.000","0.000","0.000","0.000","1,328.047","1,259.005","1,346.881","1,437.906","1,501.242","1,459.891","1,506.214","1,567.734","1,746.343","1,732.100","1,601.585","1,575.531","1,608.106","1,931.233","1,700.385","1,584.534","1,898.938","1,652.082","1,426.751","1,159.941","1,795.702","2,360.598","1,702.797","1,658.440","2,027.206","2,132.099","1,871.036"
"Preferred Dividends","-","-","-","-","-","-","-","-","-","-","-","-","-","-","-","-","-","0.000","0.000","0.000","0.000","0.000","0.000","0.000","0.000","0.000","0.000","0.000","0.000","0.000","0.000","","-","-","-","-","-","-","-","-","-","-","-","-","-","-","-","-","-","-","-","-","-","-","-","-","-","-","-","-","-","-","-","-","-","-","-","-","-","-","-","-","-","-","-","-","-","-","-","-","-","-","-","-","-","-","-","-","-","-","-","-","-","-","-","-","-","-","-","-","-","-","-","-","-","-","-","-","-","-","-","-","-","-","-","-","-","-","0.000","0.000","0.000","0.000","0.000","0.000","0.000","0.000","0.000","0.000","0.000","0.000","0.000","0.000","0.000","0.000","0.000","0.000","0.000","0.000","0.000","0.000","0.000","0.000","0.000","0.000","0.000","0.000","0.000","0.000","0.000","0.000","0.000","0.000"
"EPS (Basic)","-","-","-","-","-","-","-","-","-","-","-","-","-","-","-","-","-","0.491","0.529","0.594","0.533","0.120","0.539","0.614","0.727","0.758","0.742","0.720","0.678","0.720","0.733","","-","-","-","-","-","-","-","-","-","-","-","-","-","-","-","-","-","-","-","-","-","-","-","-","-","-","-","-","-","-","-","-","-","-","-","-","-","-","-","-","-","-","-","-","-","-","-","-","-","-","-","-","-","-","-","-","-","-","-","-","-","-","-","-","-","-","-","-","-","-","-","-","-","-","-","-","-","-","-","-","-","-","-","-","-","-","-4.629","0.736","0.661","0.683","0.120","0.539","0.614","0.171","0.174","0.176","0.187","0.191","0.173","0.179","0.182","0.201","0.196","0.181","0.175","0.176","0.210","0.183","0.168","0.199","0.170","0.146","0.118","0.180","0.234","0.167","0.161","0.199","0.200","0.173"
"EPS (Diluted)","-","-","-","-","-","-","-","-","-","-","-","-","-","-","-","-","-","0.488","0.527","0.592","0.533","0.120","0.539","0.614","0.727","0.757","0.741","0.720","0.678","0.720","0.732","","-","-","-","-","-","-","-","-","-","-","-","-","-","-","-","-","-","-","-","-","-","-","-","-","-","-","-","-","-","-","-","-","-","-","-","-","-","-","-","-","-","-","-","-","-","-","-","-","-","-","-","-","-","-","-","-","-","-","-","-","-","-","-","-","-","-","-","-","-","-","-","-","-","-","-","-","-","-","-","-","-","-","-","-","-","-","-4.592","0.733","0.659","0.683","0.120","0.539","0.614","0.171","0.174","0.176","0.187","0.191","0.173","0.179","0.182","0.200","0.196","0.181","0.174","0.176","0.210","0.183","0.168","0.199","0.170","0.146","0.118","0.180","0.234","0.167","0.161","0.198","0.200","0.173"
"Shares Outstanding (Diluted Average)","-","-","-","-","-","-","-","-","-","-","-","-","-","-","-","-","-","5,126.268","5,265.189","5,368.269","5,492.259","5,763.330","7,077.957","7,246.476","7,904.975","8,653.186","9,058.828","9,940.266","9,940.266","10,441.745","10,845.963","","-","-","-","-","-","-","-","-","-","-","-","-","-","-","-","-","-","-","-","-","-","-","-","-","-","-","-","-","-","-","-","-","-","-","-","-","-","-","-","-","-","-","-","-","-","-","-","-","-","-","-","-","-","-","-","-","-","-","-","-","-","-","-","-","-","-","-","-","-","-","-","-","-","-","-","-","-","-","-","-","-","-","-","-","-","-","5,126.268","5,265.189","5,368.269","5,492.259","5,763.330","7,077.957","7,246.476","7,499.251","7,505.171","7,658.206","7,711.483","7,851.031","8,428.426","8,439.475","8,608.847","8,722.968","8,846.115","8,855.546","9,039.633","9,148.869","9,228.877","9,307.315","9,452.857","9,550.085","11,401.842","9,748.165","9,838.121","10,006.550","10,178.756","10,179.206","10,332.946","10,222.882","10,698.745","10,845.963"
"Depreciation, Depletion and Amortization","-","-","-","-","-","-","-","-","-","-","-","-","-","-","-","-","-","253.912","240.813","235.552","212.761","276.638","284.995","272.017","369.867","475.175","562.678","640.246","669.626","692.590","687.196","","-","-","-","-","-","-","-","-","-","-","-","-","-","-","-","-","-","-","-","-","-","-","-","-","-","-","-","-","-","-","-","-","-","-","-","-","-","-","-","-","-","-","-","-","-","-","-","-","-","-","-","-","-","-","-","-","-","-","-","-","-","-","-","-","-","-","-","-","-","-","-","-","-","-","-","-","-","-","-","-","-","-","-","-","-","-","0.000","0.000","0.000","0.000","0.000","0.000","0.000","0.000","0.000","92.242","93.648","92.916","91.061","112.061","113.801","114.372","134.941","129.662","135.433","142.080","155.503","158.664","161.886","168.854","150.842","164.937","163.479","169.575","171.635","167.449","165.672","160.060","199.409","162.055"
"EBITDA","","","","","","","","","","","","","","","","","","0.000","0.000","0.000","0.000","0.000","0.000","0.000","0.000","0.000","0.000","0.000","0.000","0.000","","","","","","","","","","","","","","","","","","","","","","","","","","","","","","","","","","","","","","","","","","","","","","","","","","","","","","","","","","","","","","","","","","","","","","","","","","","","","","","","","","","","","","","","","","","","","","","","0.000","0.000","0.000","0.000","0.000","0.000","0.000","0.000","0.000","0.000","0.000","0.000","0.000","0.000","0.000","0.000","0.000","0.000","0.000","0.000","0.000","0.000","0.000","0.000","0.000","0.000","0.000"
"Cash and cash equivalents","-","-","-","-","-","-","-","-","-","-","-","-","-","-","-","-","-","36,150.021","39,788.628","60,598.076","42,473.288","33,958.086","42,094.749","56,793.457","64,266.145","68,966.981","84,100.241","85,532.158","86,969.309","82,719.894","86,588.080","","-","-","-","-","-","-","-","-","-","-","-","-","-","-","-","-","-","-","-","-","-","-","-","-","-","-","-","-","-","-","-","-","-","-","-","-","-","-","-","-","-","-","-","-","-","-","-","-","-","-","-","-","-","-","-","-","-","-","-","-","-","-","-","-","-","-","-","-","-","-","-","-","-","-","-","-","-","-","-","-","-","-","-","-","-","-","36,150.021","39,788.628","60,598.076","42,473.288","33,958.086","42,094.749","56,793.457","0.000","67,126.949","68,826.003","80,686.567","63,018.371","64,266.145","69,191.175","73,175.131","72,071.009","68,966.981","74,010.915","74,876.772","80,444.934","84,100.241","97,016.194","80,269.921","74,227.061","85,532.158","85,436.787","93,146.109","79,119.794","86,969.309","73,100.653","88,818.459","83,204.502","82,719.894","86,588.080"
"Money Market Investments","-","-","-","-","-","-","-","-","-","-","-","-","-","-","-","-","-","0.000","0.000","0.000","0.000","0.000","0.000","0.000","798.180","20.558","3,625.291","7,692.165","2,492.412","8,514.283","9,806.095","","-","-","-","-","-","-","-","-","-","-","-","-","-","-","-","-","-","-","-","-","-","-","-","-","-","-","-","-","-","-","-","-","-","-","-","-","-","-","-","-","-","-","-","-","-","-","-","-","-","-","-","-","-","-","-","-","-","-","-","-","-","-","-","-","-","-","-","-","-","-","-","-","-","-","-","-","-","-","-","-","-","-","-","-","-","-","0.000","0.000","0.000","0.000","0.000","0.000","0.000","0.000","1,397.235","974.890","1,777.656","1,622.254","798.180","682.570","628.600","862.924","20.558","1,003.696","254.466","386.243","3,625.291","1,354.124","1,638.620","1,416.836","7,692.165","5,825.646","5,697.332","6,358.984","2,492.412","6,638.092","5,842.417","7,521.196","8,514.283","9,806.095"
"Net Loan","-","-","-","-","-","-","-","-","-","-","-","-","-","-","-","-","-","119,593.814","131,453.654","140,864.736","164,614.175","185,783.166","205,555.067","253,976.426","311,824.735","280,128.360","324,176.663","370,591.450","389,505.691","387,960.318","483,118.885","","-","-","-","-","-","-","-","-","-","-","-","-","-","-","-","-","-","-","-","-","-","-","-","-","-","-","-","-","-","-","-","-","-","-","-","-","-","-","-","-","-","-","-","-","-","-","-","-","-","-","-","-","-","-","-","-","-","-","-","-","-","-","-","-","-","-","-","-","-","-","-","-","-","-","-","-","-","-","-","-","-","-","-","-","-","-","119,593.814","131,453.654","140,864.736","164,614.175","185,783.166","205,555.067","253,976.426","0.000","276,252.853","279,085.104","295,663.090","297,587.911","311,824.735","241,137.264","250,323.484","260,835.082","280,128.360","283,184.724","290,594.173","302,007.506","324,176.663","332,525.425","345,405.177","374,331.759","370,591.450","355,099.937","362,131.565","369,678.219","389,505.691","388,565.827","381,448.990","385,487.611","387,960.318","483,118.885"
"Securities & Investments","-","-","-","-","-","-","-","-","-","-","-","-","-","-","-","-","-","0.000","0.000","0.000","0.000","0.000","0.000","0.000","0.000","0.000","0.000","0.000","0.000","0.000","0.000","","-","-","-","-","-","-","-","-","-","-","-","-","-","-","-","-","-","-","-","-","-","-","-","-","-","-","-","-","-","-","-","-","-","-","-","-","-","-","-","-","-","-","-","-","-","-","-","-","-","-","-","-","-","-","-","-","-","-","-","-","-","-","-","-","-","-","-","-","-","-","-","-","-","-","-","-","-","-","-","-","-","-","-","-","-","-","0.000","0.000","0.000","0.000","0.000","0.000","0.000","0.000","0.000","0.000","0.000","0.000","0.000","0.000","0.000","0.000","0.000","0.000","0.000","0.000","0.000","0.000","0.000","0.000","0.000","0.000","0.000","0.000","0.000","0.000","0.000","0.000","0.000","0.000"
"  Accounts Receivable","-","-","-","-","-","-","-","-","-","-","-","-","-","-","-","-","-","0.000","0.000","0.000","0.000","0.000","0.000","0.000","0.000","0.000","0.000","0.000","0.000","0.000","0.000","","-","-","-","-","-","-","-","-","-","-","-","-","-","-","-","-","-","-","-","-","-","-","-","-","-","-","-","-","-","-","-","-","-","-","-","-","-","-","-","-","-","-","-","-","-","-","-","-","-","-","-","-","-","-","-","-","-","-","-","-","-","-","-","-","-","-","-","-","-","-","-","-","-","-","-","-","-","-","-","-","-","-","-","-","-","-","0.000","0.000","0.000","0.000","0.000","0.000","0.000","0.000","0.000","0.000","0.000","0.000","0.000","0.000","0.000","0.000","0.000","0.000","0.000","0.000","0.000","0.000","0.000","0.000","0.000","0.000","0.000","0.000","0.000","0.000","0.000","0.000","0.000","0.000"
"  Notes Receivable","-","-","-","-","-","-","-","-","-","-","-","-","-","-","-","-","-","0.000","0.000","0.000","0.000","0.000","0.000","0.000","0.000","0.000","0.000","0.000","0.000","0.000","0.000","","-","-","-","-","-","-","-","-","-","-","-","-","-","-","-","-","-","-","-","-","-","-","-","-","-","-","-","-","-","-","-","-","-","-","-","-","-","-","-","-","-","-","-","-","-","-","-","-","-","-","-","-","-","-","-","-","-","-","-","-","-","-","-","-","-","-","-","-","-","-","-","-","-","-","-","-","-","-","-","-","-","-","-","-","-","-","0.000","0.000","0.000","0.000","0.000","0.000","0.000","0.000","0.000","0.000","0.000","0.000","0.000","0.000","0.000","0.000","0.000","0.000","0.000","0.000","0.000","0.000","0.000","0.000","0.000","0.000","0.000","0.000","0.000","0.000","0.000","0.000","0.000","0.000"
"  Other Current Receivables","-","-","-","-","-","-","-","-","-","-","-","-","-","-","-","-","-","0.000","0.000","0.000","0.000","0.000","0.000","0.000","0.000","19,687.956","21,134.003","22,004.411","21,269.979","20,760.092","9,079.842","","-","-","-","-","-","-","-","-","-","-","-","-","-","-","-","-","-","-","-","-","-","-","-","-","-","-","-","-","-","-","-","-","-","-","-","-","-","-","-","-","-","-","-","-","-","-","-","-","-","-","-","-","-","-","-","-","-","-","-","-","-","-","-","-","-","-","-","-","-","-","-","-","-","-","-","-","-","-","-","-","-","-","-","-","-","-","0.000","0.000","0.000","0.000","0.000","0.000","0.000","0.000","0.000","0.000","0.000","0.000","0.000","18,816.707","20,035.618","19,216.461","19,687.956","21,379.439","20,562.317","22,371.523","21,134.003","20,203.945","22,211.462","25,530.353","22,004.411","23,102.449","24,131.569","21,500.696","21,269.979","24,226.347","23,016.084","24,271.095","20,760.092","9,079.842"
"Total Receivables","-","-","-","-","-","-","-","-","-","-","-","-","-","-","-","-","-","0.000","0.000","0.000","0.000","0.000","0.000","0.000","0.000","19,687.956","21,134.003","22,004.411","21,269.979","20,760.092","9,079.842","","-","-","-","-","-","-","-","-","-","-","-","-","-","-","-","-","-","-","-","-","-","-","-","-","-","-","-","-","-","-","-","-","-","-","-","-","-","-","-","-","-","-","-","-","-","-","-","-","-","-","-","-","-","-","-","-","-","-","-","-","-","-","-","-","-","-","-","-","-","-","-","-","-","-","-","-","-","-","-","-","-","-","-","-","-","-","0.000","0.000","0.000","0.000","0.000","0.000","0.000","0.000","0.000","0.000","0.000","0.000","0.000","18,816.707","20,035.618","19,216.461","19,687.956","21,379.439","20,562.317","22,371.523","21,134.003","20,203.945","22,211.462","25,530.353","22,004.411","23,102.449","24,131.569","21,500.696","21,269.979","24,226.347","23,016.084","24,271.095","20,760.092","9,079.842"
"Deferred Policy Acquisition Costs","-","-","-","-","-","-","-","-","-","-","-","-","-","-","-","-","-","0.000","0.000","0.000","0.000","0.000","0.000","0.000","0.000","0.000","0.000","0.000","0.000","0.000","0.000","","-","-","-","-","-","-","-","-","-","-","-","-","-","-","-","-","-","-","-","-","-","-","-","-","-","-","-","-","-","-","-","-","-","-","-","-","-","-","-","-","-","-","-","-","-","-","-","-","-","-","-","-","-","-","-","-","-","-","-","-","-","-","-","-","-","-","-","-","-","-","-","-","-","-","-","-","-","-","-","-","-","-","-","-","-","-","0.000","0.000","0.000","0.000","0.000","0.000","0.000","0.000","0.000","0.000","0.000","0.000","0.000","0.000","0.000","0.000","0.000","0.000","0.000","0.000","0.000","0.000","0.000","0.000","0.000","0.000","0.000","0.000","0.000","0.000","0.000","0.000","0.000","0.000"
"Property, Plant and Equipment","-","-","-","-","-","-","-","-","-","-","-","-","-","-","-","-","-","1,341.569","1,344.917","1,151.687","1,210.833","1,395.562","1,568.038","2,168.986","2,402.821","2,614.309","2,688.140","2,661.472","2,595.497","2,635.018","2,515.761","","-","-","-","-","-","-","-","-","-","-","-","-","-","-","-","-","-","-","-","-","-","-","-","-","-","-","-","-","-","-","-","-","-","-","-","-","-","-","-","-","-","-","-","-","-","-","-","-","-","-","-","-","-","-","-","-","-","-","-","-","-","-","-","-","-","-","-","-","-","-","-","-","-","-","-","-","-","-","-","-","-","-","-","-","-","-","1,341.569","1,344.917","1,151.687","1,210.833","1,395.562","1,568.038","2,168.986","0.000","2,217.483","2,436.524","2,552.445","2,621.248","2,402.821","2,410.911","2,404.378","2,428.456","2,614.309","2,654.001","2,617.158","2,608.314","2,688.140","2,681.970","2,692.947","2,784.482","2,661.472","2,559.173","2,564.880","2,563.018","2,595.497","2,547.615","2,463.531","2,429.526","2,635.018","2,515.761"
"Intangible Assets","-","-","-","-","-","-","-","-","-","-","-","-","-","-","-","-","-","0.000","58.892","193.072","189.729","4,374.010","4,480.714","6,509.048","6,531.336","6,041.056","6,261.415","6,958.462","7,345.524","6,753.939","6,449.932","","-","-","-","-","-","-","-","-","-","-","-","-","-","-","-","-","-","-","-","-","-","-","-","-","-","-","-","-","-","-","-","-","-","-","-","-","-","-","-","-","-","-","-","-","-","-","-","-","-","-","-","-","-","-","-","-","-","-","-","-","-","-","-","-","-","-","-","-","-","-","-","-","-","-","-","-","-","-","-","-","-","-","-","-","-","-","0.000","58.892","193.072","189.729","4,374.010","4,480.714","6,509.048","0.000","6,748.053","6,247.077","6,349.259","6,029.603","6,531.336","6,560.645","6,583.482","6,069.645","6,041.056","6,290.124","5,967.213","5,917.811","6,261.415","6,326.843","6,346.279","6,809.440","6,958.462","6,561.240","6,764.623","6,982.967","7,345.524","7,328.505","7,115.545","6,964.749","6,753.939","6,449.932"
"  Goodwill","-","-","-","-","-","-","-","-","-","-","-","-","-","-","-","-","-","0.000","0.000","0.000","0.000","0.000","0.000","0.000","5,588.550","4,924.660","5,144.130","5,911.530","6,317.010","5,756.370","5,756.370","","-","-","-","-","-","-","-","-","-","-","-","-","-","-","-","-","-","-","-","-","-","-","-","-","-","-","-","-","-","-","-","-","-","-","-","-","-","-","-","-","-","-","-","-","-","-","-","-","-","-","-","-","-","-","-","-","-","-","-","-","-","-","-","-","-","-","-","-","-","-","-","-","-","-","-","-","-","-","-","-","-","-","-","-","-","-","0.000","0.000","0.000","0.000","0.000","0.000","0.000","0.000","6,031.400","0.000","0.000","0.000","5,588.550","0.000","0.000","0.000","4,924.660","0.000","0.000","0.000","5,144.130","0.000","0.000","0.000","5,911.530","0.000","0.000","0.000","6,317.010","0.000","0.000","0.000","5,756.370","0.000"
"Other Assets for Banks","-","-","-","-","-","-","-","-","-","-","-","-","-","-","-","-","-","34,809.856","51,637.768","53,859.705","60,612.675","85,228.299","83,001.198","92,510.777","108,933.506","182,859.564","198,314.203","212,904.385","225,777.841","255,958.222","171,995.837","","-","-","-","-","-","-","-","-","-","-","-","-","-","-","-","-","-","-","-","-","-","-","-","-","-","-","-","-","-","-","-","-","-","-","-","-","-","-","-","-","-","-","-","-","-","-","-","-","-","-","-","-","-","-","-","-","-","-","-","-","-","-","-","-","-","-","-","-","-","-","-","-","-","-","-","-","-","-","-","-","-","-","-","-","-","-","34,809.856","51,637.768","53,859.705","60,612.675","85,228.299","83,001.198","92,510.777","0.000","97,889.703","105,694.767","105,288.202","106,043.328","108,933.506","173,703.943","183,116.332","181,753.686","182,859.564","189,483.181","189,052.406","198,206.254","198,314.203","200,083.640","204,662.138","217,082.822","212,904.385","223,740.300","228,277.940","228,481.214","225,777.841","243,068.692","243,372.299","256,127.574","255,958.222","171,995.837"
"Total Assets","-","-","-","-","-","-","-","-","-","-","-","-","-","-","-","-","-","191,895.260","224,283.859","256,667.276","269,100.700","310,739.123","336,699.766","411,958.694","494,756.723","560,318.784","640,299.956","708,344.503","735,956.253","765,301.766","769,554.432","","-","-","-","-","-","-","-","-","-","-","-","-","-","-","-","-","-","-","-","-","-","-","-","-","-","-","-","-","-","-","-","-","-","-","-","-","-","-","-","-","-","-","-","-","-","-","-","-","-","-","-","-","-","-","-","-","-","-","-","-","-","-","-","-","-","-","-","-","-","-","-","-","-","-","-","-","-","-","-","-","-","-","-","-","-","-","191,895.260","224,283.859","256,667.276","269,100.700","310,739.123","336,699.766","411,958.694","0.000","451,632.276","463,264.365","492,317.219","476,922.715","494,756.723","512,503.215","536,267.025","543,237.263","560,318.784","578,006.080","583,924.505","611,942.585","640,299.956","660,192.141","663,226.544","702,182.753","708,344.503","702,325.532","722,714.018","714,684.892","735,956.253","745,475.731","752,077.325","766,006.253","765,301.766","769,554.432"
"Total Deposits","-","-","-","-","-","-","-","-","-","-","-","-","-","-","-","-","-","149,429.227","164,985.745","193,211.452","210,248.956","241,380.452","236,909.788","315,280.034","381,042.886","444,427.199","505,340.137","527,473.029","530,584.879","562,489.738","567,596.428","","-","-","-","-","-","-","-","-","-","-","-","-","-","-","-","-","-","-","-","-","-","-","-","-","-","-","-","-","-","-","-","-","-","-","-","-","-","-","-","-","-","-","-","-","-","-","-","-","-","-","-","-","-","-","-","-","-","-","-","-","-","-","-","-","-","-","-","-","-","-","-","-","-","-","-","-","-","-","-","-","-","-","-","-","-","-","149,429.227","164,985.745","193,211.452","210,248.956","241,380.452","236,909.788","315,280.034","0.000","356,262.075","359,521.850","383,299.297","368,211.674","381,042.886","399,043.983","419,008.638","424,982.045","444,427.199","454,460.207","460,776.058","485,305.826","505,340.137","517,101.048","518,702.729","538,559.239","527,473.029","520,715.763","526,202.889","519,219.444","530,584.879","537,138.881","541,654.159","559,912.898","562,489.738","567,596.428"
"Accounts Payable & Accrued Expense","-","-","-","-","-","-","-","-","-","-","-","-","-","-","-","-","-","3,238.329","5,892.618","3,949.860","5,227.785","1,557.806","3,528.475","8,648.021","1,051.798","2,345.540","2,556.670","2,291.866","4,463.929","3,554.117","4,368.433","","-","-","-","-","-","-","-","-","-","-","-","-","-","-","-","-","-","-","-","-","-","-","-","-","-","-","-","-","-","-","-","-","-","-","-","-","-","-","-","-","-","-","-","-","-","-","-","-","-","-","-","-","-","-","-","-","-","-","-","-","-","-","-","-","-","-","-","-","-","-","-","-","-","-","-","-","-","-","-","-","-","-","-","-","-","-","3,238.329","5,892.618","3,949.860","5,227.785","1,557.806","3,528.475","8,648.021","0.000","1,598.618","3,941.741","4,241.304","2,215.651","1,051.798","4,326.842","3,514.089","3,132.069","2,345.540","2,609.536","2,740.267","2,654.580","2,556.670","3,480.996","4,025.853","2,474.142","2,291.866","2,610.200","3,706.564","4,428.350","4,463.929","5,762.578","5,246.547","4,458.769","3,554.117","4,368.433"
"Current Portion of Long-Term Debt","-","-","-","-","-","-","-","-","-","-","-","-","-","-","-","-","-","0.000","0.000","0.000","0.000","0.000","0.000","0.000","0.000","0.000","0.000","0.000","0.000","0.000","0.000","","-","-","-","-","-","-","-","-","-","-","-","-","-","-","-","-","-","-","-","-","-","-","-","-","-","-","-","-","-","-","-","-","-","-","-","-","-","-","-","-","-","-","-","-","-","-","-","-","-","-","-","-","-","-","-","-","-","-","-","-","-","-","-","-","-","-","-","-","-","-","-","-","-","-","-","-","-","-","-","-","-","-","-","-","-","-","0.000","0.000","0.000","0.000","0.000","0.000","0.000","0.000","0.000","0.000","0.000","0.000","0.000","0.000","0.000","0.000","0.000","0.000","0.000","0.000","0.000","0.000","0.000","0.000","0.000","0.000","0.000","0.000","0.000","0.000","0.000","0.000","0.000","0.000"
"Long-Term Debt & Capital Lease Obligation","-","-","-","-","-","-","-","-","-","-","-","-","-","-","-","-","-","3,004.000","3,896.880","6,344.048","6,392.950","11,174.433","10,893.980","22,896.718","34,237.145","35,237.339","43,190.454","59,933.650","61,787.510","60,506.076","59,484.467","","-","-","-","-","-","-","-","-","-","-","-","-","-","-","-","-","-","-","-","-","-","-","-","-","-","-","-","-","-","-","-","-","-","-","-","-","-","-","-","-","-","-","-","-","-","-","-","-","-","-","-","-","-","-","-","-","-","-","-","-","-","-","-","-","-","-","-","-","-","-","-","-","-","-","-","-","-","-","-","-","-","-","-","-","-","-","3,004.000","3,896.880","6,344.048","6,392.950","11,174.433","10,893.980","22,896.718","0.000","34,147.289","8,402.680","10,606.504","13,240.618","34,237.145","35,035.936","34,131.034","36,642.257","35,237.339","38,800.535","39,991.733","41,318.993","43,190.454","46,899.285","47,906.230","55,504.970","59,933.650","53,467.602","57,017.376","57,366.333","61,787.510","61,584.121","66,919.081","62,736.663","60,506.076","59,484.467"
"Other Liabilities for Banks","-","-","-","-","-","-","-","-","-","-","-","-","-","-","-","-","-","19,369.951","32,031.339","33,293.768","27,139.247","30,858.455","56,702.583","32,663.656","34,610.096","30,566.107","34,471.520","55,132.501","68,645.112","63,568.230","62,622.775","","-","-","-","-","-","-","-","-","-","-","-","-","-","-","-","-","-","-","-","-","-","-","-","-","-","-","-","-","-","-","-","-","-","-","-","-","-","-","-","-","-","-","-","-","-","-","-","-","-","-","-","-","-","-","-","-","-","-","-","-","-","-","-","-","-","-","-","-","-","-","-","-","-","-","-","-","-","-","-","-","-","-","-","-","-","-","19,369.951","32,031.339","33,293.768","27,139.247","30,858.455","56,702.583","32,663.656","0.000","23,738.581","56,138.394","55,974.895","54,471.668","34,610.096","28,929.840","33,252.377","32,028.050","30,566.107","32,106.922","29,729.793","30,847.723","34,471.520","35,279.562","34,354.072","44,243.563","55,132.501","61,605.227","70,580.404","66,063.709","68,645.112","68,426.628","64,980.328","64,767.081","63,568.230","62,622.775"
"Total Liabilities","-","-","-","-","-","-","-","-","-","-","-","-","-","-","-","-","-","175,041.507","206,806.582","236,799.128","249,008.938","284,971.146","308,034.826","379,488.429","450,941.925","512,576.185","585,558.781","644,831.046","665,481.430","690,118.161","694,072.103","","-","-","-","-","-","-","-","-","-","-","-","-","-","-","-","-","-","-","-","-","-","-","-","-","-","-","-","-","-","-","-","-","-","-","-","-","-","-","-","-","-","-","-","-","-","-","-","-","-","-","-","-","-","-","-","-","-","-","-","-","-","-","-","-","-","-","-","-","-","-","-","-","-","-","-","-","-","-","-","-","-","-","-","-","-","-","175,041.507","206,806.582","236,799.128","249,008.938","284,971.146","308,034.826","379,488.429","0.000","415,746.563","428,004.665","454,122.000","438,139.611","450,941.925","467,336.601","489,906.138","496,784.421","512,576.185","527,977.200","533,237.851","560,127.122","585,558.781","602,760.891","604,988.884","640,781.914","644,831.046","638,398.792","657,507.233","647,077.836","665,481.430","672,912.208","678,800.115","691,875.411","690,118.161","694,072.103"
"Common Stock","-","-","-","-","-","-","-","-","-","-","-","-","-","-","-","-","-","3,721.053","3,796.947","3,889.225","4,881.123","7,077.663","7,077.983","7,478.206","8,440.046","8,862.079","9,319.030","9,761.751","0.000","0.000","45,451.584","","-","-","-","-","-","-","-","-","-","-","-","-","-","-","-","-","-","-","-","-","-","-","-","-","-","-","-","-","-","-","-","-","-","-","-","-","-","-","-","-","-","-","-","-","-","-","-","-","-","-","-","-","-","-","-","-","-","-","-","-","-","-","-","-","-","-","-","-","-","-","-","-","-","-","-","-","-","-","-","-","-","-","-","-","-","-","3,721.053","3,796.947","3,889.225","4,881.123","7,077.663","7,077.983","7,478.206","0.000","7,639.437","7,639.441","7,853.758","7,854.455","8,440.046","8,440.922","8,697.261","8,726.070","8,862.079","8,867.759","9,117.393","9,150.719","9,319.030","9,321.746","9,536.996","9,539.292","9,761.751","9,761.798","10,008.762","10,008.828","0.000","39,079.689","42,073.631","42,519.223","0.000","45,451.584"
"Preferred Stock","-","-","-","-","-","-","-","-","-","-","-","-","-","-","-","-","-","0.000","0.000","0.000","0.000","0.000","0.000","0.000","0.000","0.000","0.000","0.000","0.000","0.000","0.000","","-","-","-","-","-","-","-","-","-","-","-","-","-","-","-","-","-","-","-","-","-","-","-","-","-","-","-","-","-","-","-","-","-","-","-","-","-","-","-","-","-","-","-","-","-","-","-","-","-","-","-","-","-","-","-","-","-","-","-","-","-","-","-","-","-","-","-","-","-","-","-","-","-","-","-","-","-","-","-","-","-","-","-","-","-","-","0.000","0.000","0.000","0.000","0.000","0.000","0.000","0.000","0.000","0.000","0.000","0.000","0.000","0.000","0.000","0.000","0.000","0.000","0.000","0.000","0.000","0.000","0.000","0.000","0.000","0.000","0.000","0.000","0.000","0.000","0.000","0.000","0.000","0.000"
"Retained Earnings","-","-","-","-","-","-","-","-","-","-","-","-","-","-","-","-","-","0.000","0.000","0.000","0.000","0.000","9,925.888","0.000","11,104.837","11,747.484","12,387.977","12,833.004","14,408.695","25,268.743","26,153.859","","-","-","-","-","-","-","-","-","-","-","-","-","-","-","-","-","-","-","-","-","-","-","-","-","-","-","-","-","-","-","-","-","-","-","-","-","-","-","-","-","-","-","-","-","-","-","-","-","-","-","-","-","-","-","-","-","-","-","-","-","-","-","-","-","-","-","-","-","-","-","-","-","-","-","-","-","-","-","-","-","-","-","-","-","-","-","0.000","0.000","0.000","0.000","0.000","9,925.888","0.000","0.000","10,382.374","0.000","0.000","0.000","11,104.837","12,025.212","11,250.213","11,708.813","11,747.484","13,346.726","11,319.188","12,087.122","12,387.977","14,093.665","12,075.345","12,903.526","12,833.004","14,540.495","12,941.964","13,507.975","14,408.695","14,702.302","23,549.325","24,625.951","25,268.743","26,153.859"
"Accumulated other comprehensive income (loss)","-","-","-","-","-","-","-","-","-","-","-","-","-","-","-","-","-","0.000","0.000","0.000","0.000","0.000","0.000","0.000","0.000","0.000","0.000","0.000","0.000","0.000","0.000","","-","-","-","-","-","-","-","-","-","-","-","-","-","-","-","-","-","-","-","-","-","-","-","-","-","-","-","-","-","-","-","-","-","-","-","-","-","-","-","-","-","-","-","-","-","-","-","-","-","-","-","-","-","-","-","-","-","-","-","-","-","-","-","-","-","-","-","-","-","-","-","-","-","-","-","-","-","-","-","-","-","-","-","-","-","-","0.000","0.000","0.000","0.000","0.000","0.000","0.000","0.000","0.000","0.000","0.000","0.000","0.000","0.000","0.000","0.000","0.000","0.000","0.000","0.000","0.000","0.000","0.000","0.000","0.000","0.000","0.000","0.000","0.000","0.000","0.000","0.000","0.000","0.000"
"Additional Paid-In Capital","-","-","-","-","-","-","-","-","-","-","-","-","-","-","-","-","-","0.000","0.000","0.000","0.000","0.000","5,903.497","0.000","15,639.646","19,030.227","22,747.922","25,900.476","39,071.903","44,250.380","44,250.380","","-","-","-","-","-","-","-","-","-","-","-","-","-","-","-","-","-","-","-","-","-","-","-","-","-","-","-","-","-","-","-","-","-","-","-","-","-","-","-","-","-","-","-","-","-","-","-","-","-","-","-","-","-","-","-","-","-","-","-","-","-","-","-","-","-","-","-","-","-","-","-","-","-","-","-","-","-","-","-","-","-","-","-","-","-","-","0.000","0.000","0.000","0.000","0.000","5,903.497","0.000","0.000","9,598.847","0.000","0.000","0.000","15,639.646","15,646.807","17,674.819","17,914.365","19,030.227","19,078.308","21,071.392","21,351.162","22,747.922","22,770.585","24,436.199","24,455.382","25,900.476","25,900.866","27,726.766","27,726.817","39,071.903","0.000","0.000","0.000","44,250.380","0.000"
"Treasury Stock","-","-","-","-","-","-","-","-","-","-","-","-","-","-","-","-","-","0.000","0.000","0.000","0.000","0.000","0.000","0.000","0.000","0.000","0.000","0.000","0.000","0.000","0.000","","-","-","-","-","-","-","-","-","-","-","-","-","-","-","-","-","-","-","-","-","-","-","-","-","-","-","-","-","-","-","-","-","-","-","-","-","-","-","-","-","-","-","-","-","-","-","-","-","-","-","-","-","-","-","-","-","-","-","-","-","-","-","-","-","-","-","-","-","-","-","-","-","-","-","-","-","-","-","-","-","-","-","-","-","-","-","0.000","0.000","0.000","0.000","0.000","0.000","0.000","0.000","0.000","0.000","0.000","0.000","0.000","0.000","0.000","0.000","0.000","0.000","0.000","0.000","0.000","0.000","0.000","0.000","0.000","0.000","0.000","0.000","0.000","0.000","0.000","0.000","0.000","0.000"
"Total Stockholders Equity","-","-","-","-","-","-","-","-","-","-","-","-","-","-","-","-","-","16,401.309","16,868.802","19,197.656","19,302.493","24,898.746","27,877.176","31,461.499","42,095.358","45,997.407","52,974.569","61,694.990","68,515.731","72,988.614","73,247.297","","-","-","-","-","-","-","-","-","-","-","-","-","-","-","-","-","-","-","-","-","-","-","-","-","-","-","-","-","-","-","-","-","-","-","-","-","-","-","-","-","-","-","-","-","-","-","-","-","-","-","-","-","-","-","-","-","-","-","-","-","-","-","-","-","-","-","-","-","-","-","-","-","-","-","-","-","-","-","-","-","-","-","-","-","-","-","16,401.309","16,868.802","19,197.656","19,302.493","24,898.746","27,877.176","31,461.499","0.000","34,336.663","34,011.247","36,684.349","37,143.506","42,095.358","43,405.830","44,550.705","44,627.536","45,997.407","48,259.972","48,917.264","50,010.031","52,974.569","55,634.148","56,513.881","59,673.670","61,694.990","62,080.687","63,391.110","65,712.093","68,515.731","70,568.817","71,224.559","72,067.817","72,988.614","73,247.297"
"Minority Interest","-","-","-","-","-","-","-","-","-","-","-","-","-","-","-","-","-","452.444","608.475","670.492","789.269","869.231","787.764","1,008.766","1,719.440","1,745.192","1,766.606","1,818.467","1,959.092","2,194.991","2,235.032","","-","-","-","-","-","-","-","-","-","-","-","-","-","-","-","-","-","-","-","-","-","-","-","-","-","-","-","-","-","-","-","-","-","-","-","-","-","-","-","-","-","-","-","-","-","-","-","-","-","-","-","-","-","-","-","-","-","-","-","-","-","-","-","-","-","-","-","-","-","-","-","-","-","-","-","-","-","-","-","-","-","-","-","-","-","-","452.444","608.475","670.492","789.269","869.231","787.764","1,008.766","0.000","1,549.050","1,248.453","1,610.870","1,639.598","1,719.440","1,760.784","1,810.182","1,825.306","1,745.192","1,768.908","1,769.390","1,805.432","1,766.606","1,797.102","1,723.779","1,727.169","1,818.467","1,846.053","1,815.675","1,894.963","1,959.092","1,994.706","2,052.651","2,063.025","2,194.991","2,235.032"
"Total Equity","-","-","-","-","-","-","-","-","-","-","-","-","-","-","-","-","-","16,853.753","17,477.277","19,868.148","20,091.762","25,767.977","28,664.940","32,470.265","43,814.798","47,742.599","54,741.175","63,513.457","70,474.823","75,183.605","75,482.329","","-","-","-","-","-","-","-","-","-","-","-","-","-","-","-","-","-","-","-","-","-","-","-","-","-","-","-","-","-","-","-","-","-","-","-","-","-","-","-","-","-","-","-","-","-","-","-","-","-","-","-","-","-","-","-","-","-","-","-","-","-","-","-","-","-","-","-","-","-","-","-","-","-","-","-","-","-","-","-","-","-","-","-","-","-","-","16,853.753","17,477.277","19,868.148","20,091.762","25,767.977","28,664.940","32,470.265","0.000","35,885.713","35,259.700","38,295.219","38,783.104","43,814.798","45,166.614","46,360.887","46,452.842","47,742.599","50,028.880","50,686.654","51,815.463","54,741.175","57,431.250","58,237.660","61,400.839","63,513.457","63,926.740","65,206.785","67,607.056","70,474.823","72,563.523","73,277.210","74,130.842","75,183.605","75,482.329"
"  Net Income","-","-","-","-","-","-","-","-","-","-","-","-","-","-","-","-","-","2,544.245","2,834.584","3,252.871","3,002.340","750.714","3,968.450","4,450.278","5,745.920","6,552.391","6,716.455","6,835.939","6,742.992","7,520.542","7,688.781","","-","-","-","-","-","-","-","-","-","-","-","-","-","-","-","-","-","-","-","-","-","-","-","-","-","-","-","-","-","-","-","-","-","-","-","-","-","-","-","-","-","-","-","-","-","-","-","-","-","-","-","-","-","-","-","-","-","-","-","-","-","-","-","-","-","-","-","-","-","-","-","-","-","-","-","-","-","-","-","-","-","-","-","-","-","-","0.000","0.000","0.000","0.000","0.000","0.000","0.000","0.000","0.000","1,346.881","1,437.906","1,501.242","1,459.891","1,506.214","1,567.734","1,746.343","1,732.100","1,601.585","1,575.531","1,608.106","1,931.233","1,700.385","1,584.534","1,898.938","1,652.082","1,426.751","1,159.941","1,795.702","2,360.598","1,702.797","1,658.440","2,027.206","2,132.099","1,871.036"
"  Net Foreign Currency Exchange Gain","-","-","-","-","-","-","-","-","-","-","-","-","-","-","-","-","-","0.000","0.000","486.945","1,344.621","-1,582.830","671.135","458.466","0.000","0.000","0.000","0.000","0.000","0.000","0.000","","-","-","-","-","-","-","-","-","-","-","-","-","-","-","-","-","-","-","-","-","-","-","-","-","-","-","-","-","-","-","-","-","-","-","-","-","-","-","-","-","-","-","-","-","-","-","-","-","-","-","-","-","-","-","-","-","-","-","-","-","-","-","-","-","-","-","-","-","-","-","-","-","-","-","-","-","-","-","-","-","-","-","-","-","-","-","0.000","0.000","0.000","0.000","0.000","0.000","0.000","0.000","0.000","0.000","0.000","0.000","0.000","0.000","0.000","0.000","0.000","0.000","0.000","0.000","0.000","0.000","0.000","0.000","0.000","0.000","0.000","0.000","0.000","0.000","0.000","0.000","0.000","0.000"
"Net Income From Continuing Operations","-","-","-","-","-","-","-","-","-","-","-","-","-","-","-","-","-","3,494.492","3,988.065","4,363.698","4,086.070","1,674.292","535.038","6,270.467","7,896.302","8,869.594","9,111.583","9,151.548","8,844.450","10,098.096","10,405.694","","-","-","-","-","-","-","-","-","-","-","-","-","-","-","-","-","-","-","-","-","-","-","-","-","-","-","-","-","-","-","-","-","-","-","-","-","-","-","-","-","-","-","-","-","-","-","-","-","-","-","-","-","-","-","-","-","-","-","-","-","-","-","-","-","-","-","-","-","-","-","-","-","-","-","-","-","-","-","-","-","-","-","-","-","-","-","0.000","0.000","0.000","0.000","0.000","0.000","0.000","0.000","0.000","1,894.572","2,026.468","2,025.511","1,949.751","2,126.726","2,088.850","2,352.419","2,301.599","2,207.788","2,246.814","2,225.995","2,430.986","2,242.013","2,150.483","2,382.949","2,376.103","1,931.345","1,583.989","2,456.111","2,873.005","2,249.070","2,244.491","2,678.387","2,926.148","2,556.668"
"Depreciation, Depletion and Amortization","-","-","-","-","-","-","-","-","-","-","-","-","-","-","-","-","-","253.912","240.813","235.552","212.761","276.638","284.995","272.017","369.867","475.175","562.678","640.246","669.626","692.590","687.196","","-","-","-","-","-","-","-","-","-","-","-","-","-","-","-","-","-","-","-","-","-","-","-","-","-","-","-","-","-","-","-","-","-","-","-","-","-","-","-","-","-","-","-","-","-","-","-","-","-","-","-","-","-","-","-","-","-","-","-","-","-","-","-","-","-","-","-","-","-","-","-","-","-","-","-","-","-","-","-","-","-","-","-","-","-","-","0.000","0.000","0.000","0.000","0.000","0.000","0.000","0.000","0.000","92.242","93.648","92.916","91.061","112.061","113.801","114.372","134.941","129.662","135.433","142.080","155.503","158.664","161.886","168.854","150.842","164.937","163.479","169.575","171.635","167.449","165.672","160.060","199.409","162.055"
"  Change In Receivables","-","-","-","-","-","-","-","-","-","-","-","-","-","-","-","-","-","0.000","0.000","0.000","0.000","0.000","0.000","1,236.355","0.000","0.000","0.000","0.000","0.000","0.000","0.000","","-","-","-","-","-","-","-","-","-","-","-","-","-","-","-","-","-","-","-","-","-","-","-","-","-","-","-","-","-","-","-","-","-","-","-","-","-","-","-","-","-","-","-","-","-","-","-","-","-","-","-","-","-","-","-","-","-","-","-","-","-","-","-","-","-","-","-","-","-","-","-","-","-","-","-","-","-","-","-","-","-","-","-","-","-","-","0.000","0.000","0.000","0.000","0.000","0.000","0.000","0.000","0.000","0.000","0.000","0.000","0.000","0.000","0.000","0.000","0.000","0.000","0.000","0.000","0.000","0.000","0.000","0.000","0.000","0.000","0.000","0.000","0.000","0.000","0.000","0.000","0.000","0.000"
"  Change In Inventory","-","-","-","-","-","-","-","-","-","-","-","-","-","-","-","-","-","0.000","0.000","0.000","0.000","0.000","0.000","0.000","0.000","0.000","0.000","0.000","0.000","0.000","0.000","","-","-","-","-","-","-","-","-","-","-","-","-","-","-","-","-","-","-","-","-","-","-","-","-","-","-","-","-","-","-","-","-","-","-","-","-","-","-","-","-","-","-","-","-","-","-","-","-","-","-","-","-","-","-","-","-","-","-","-","-","-","-","-","-","-","-","-","-","-","-","-","-","-","-","-","-","-","-","-","-","-","-","-","-","-","-","0.000","0.000","0.000","0.000","0.000","0.000","0.000","0.000","0.000","0.000","0.000","0.000","0.000","0.000","0.000","0.000","0.000","0.000","0.000","0.000","0.000","0.000","0.000","0.000","0.000","0.000","0.000","0.000","0.000","0.000","0.000","0.000","0.000","0.000"
"  Change In Prepaid Assets","-","-","-","-","-","-","-","-","-","-","-","-","-","-","-","-","-","0.000","0.000","0.000","0.000","0.000","0.000","0.000","0.000","0.000","0.000","0.000","0.000","0.000","0.000","","-","-","-","-","-","-","-","-","-","-","-","-","-","-","-","-","-","-","-","-","-","-","-","-","-","-","-","-","-","-","-","-","-","-","-","-","-","-","-","-","-","-","-","-","-","-","-","-","-","-","-","-","-","-","-","-","-","-","-","-","-","-","-","-","-","-","-","-","-","-","-","-","-","-","-","-","-","-","-","-","-","-","-","-","-","-","0.000","0.000","0.000","0.000","0.000","0.000","0.000","0.000","0.000","0.000","0.000","0.000","0.000","0.000","0.000","0.000","0.000","0.000","0.000","0.000","0.000","0.000","0.000","0.000","0.000","0.000","0.000","0.000","0.000","0.000","0.000","0.000","0.000","0.000"
"  Change In Payables And Accrued Expense","-","-","-","-","-","-","-","-","-","-","-","-","-","-","-","-","-","0.000","0.000","0.000","0.000","0.000","0.000","0.000","0.000","0.000","0.000","0.000","0.000","0.000","0.000","","-","-","-","-","-","-","-","-","-","-","-","-","-","-","-","-","-","-","-","-","-","-","-","-","-","-","-","-","-","-","-","-","-","-","-","-","-","-","-","-","-","-","-","-","-","-","-","-","-","-","-","-","-","-","-","-","-","-","-","-","-","-","-","-","-","-","-","-","-","-","-","-","-","-","-","-","-","-","-","-","-","-","-","-","-","-","0.000","0.000","0.000","0.000","0.000","0.000","0.000","0.000","0.000","0.000","0.000","0.000","0.000","0.000","0.000","0.000","0.000","0.000","0.000","0.000","0.000","0.000","0.000","0.000","0.000","0.000","0.000","0.000","0.000","0.000","0.000","0.000","0.000","0.000"
"Change In Working Capital","-","-","-","-","-","-","-","-","-","-","-","-","-","-","-","-","-","-2,314.762","9,867.793","1,364.007","-10,896.652","-10,066.296","176.377","287.701","-20,574.445","59.456","-12,672.250","-20,863.675","-12,151.833","-6,645.770","13,497.597","","-","-","-","-","-","-","-","-","-","-","-","-","-","-","-","-","-","-","-","-","-","-","-","-","-","-","-","-","-","-","-","-","-","-","-","-","-","-","-","-","-","-","-","-","-","-","-","-","-","-","-","-","-","-","-","-","-","-","-","-","-","-","-","-","-","-","-","-","-","-","-","-","-","-","-","-","-","-","-","-","-","-","-","-","-","-","0.000","0.000","0.000","0.000","0.000","0.000","0.000","0.000","0.000","-4,869.214","10,157.615","-16,547.179","-9,315.667","496.121","-2,375.406","2,867.783","-929.042","2,189.483","-9,316.296","-1,534.649","-4,010.788","8,892.436","-13,778.562","-15,029.364","-948.185","-1,884.018","11,354.052","-8,470.435","-13,151.432","-11,926.274","14,174.345","-6,465.810","-2,428.031","8,217.093"
"Change In DeferredTax","-","-","-","-","-","-","-","-","-","-","-","-","-","-","-","-","-","0.000","0.000","0.000","0.000","0.000","0.000","0.000","0.000","0.000","0.000","0.000","0.000","0.000","0.000","","-","-","-","-","-","-","-","-","-","-","-","-","-","-","-","-","-","-","-","-","-","-","-","-","-","-","-","-","-","-","-","-","-","-","-","-","-","-","-","-","-","-","-","-","-","-","-","-","-","-","-","-","-","-","-","-","-","-","-","-","-","-","-","-","-","-","-","-","-","-","-","-","-","-","-","-","-","-","-","-","-","-","-","-","-","-","0.000","0.000","0.000","0.000","0.000","0.000","0.000","0.000","0.000","0.000","0.000","0.000","0.000","0.000","0.000","0.000","0.000","0.000","0.000","0.000","0.000","0.000","0.000","0.000","0.000","0.000","0.000","0.000","0.000","0.000","0.000","0.000","0.000","0.000"
"Stock Based Compensation","-","-","-","-","-","-","-","-","-","-","-","-","-","-","-","-","-","0.000","0.000","0.000","0.000","0.000","0.000","0.000","99.900","105.580","79.300","64.110","40.250","17.080","14.750","","-","-","-","-","-","-","-","-","-","-","-","-","-","-","-","-","-","-","-","-","-","-","-","-","-","-","-","-","-","-","-","-","-","-","-","-","-","-","-","-","-","-","-","-","-","-","-","-","-","-","-","-","-","-","-","-","-","-","-","-","-","-","-","-","-","-","-","-","-","-","-","-","-","-","-","-","-","-","-","-","-","-","-","-","-","-","0.000","0.000","0.000","0.000","0.000","0.000","0.000","0.000","0.000","31.290","28.770","19.010","20.840","21.170","28.550","29.880","25.980","17.890","20.040","18.980","22.390","14.360","15.360","20.320","14.070","10.460","9.200","9.120","11.480","5.610","2.580","4.270","4.620","3.280"
"Cash Flow from Discontinued Operations","-","-","-","-","-","-","-","-","-","-","-","-","-","-","-","-","-","0.000","0.000","0.000","0.000","0.000","0.000","0.000","0.000","0.000","0.000","0.000","0.000","0.000","0.000","","-","-","-","-","-","-","-","-","-","-","-","-","-","-","-","-","-","-","-","-","-","-","-","-","-","-","-","-","-","-","-","-","-","-","-","-","-","-","-","-","-","-","-","-","-","-","-","-","-","-","-","-","-","-","-","-","-","-","-","-","-","-","-","-","-","-","-","-","-","-","-","-","-","-","-","-","-","-","-","-","-","-","-","-","-","-","0.000","0.000","0.000","0.000","0.000","0.000","0.000","0.000","0.000","0.000","0.000","0.000","0.000","0.000","0.000","0.000","0.000","0.000","0.000","0.000","0.000","0.000","0.000","0.000","0.000","0.000","0.000","0.000","0.000","0.000","0.000","0.000","0.000","0.000"
"Cash Flow from Others","-","-","-","-","-","-","-","-","-","-","-","-","-","-","-","-","-","573.372","-775.061","511.156","1,350.052","631.198","-87.559","-1,263.001","-1,167.329","-952.396","-1,700.572","-1,225.481","484.992","-1,156.435","-1,329.606","","-","-","-","-","-","-","-","-","-","-","-","-","-","-","-","-","-","-","-","-","-","-","-","-","-","-","-","-","-","-","-","-","-","-","-","-","-","-","-","-","-","-","-","-","-","-","-","-","-","-","-","-","-","-","-","-","-","-","-","-","-","-","-","-","-","-","-","-","-","-","-","-","-","-","-","-","-","-","-","-","-","-","-","-","-","-","0.000","0.000","0.000","0.000","0.000","0.000","0.000","0.000","0.000","-724.270","-32.284","-299.728","-111.057","-549.838","-101.330","69.487","-370.715","-397.195","-851.224","-275.976","-176.177","-129.557","-120.904","394.123","-1,369.143","-265.097","517.237","-440.778","673.620","-262.887","-69.814","-500.391","-323.343","-436.058"
"Cash Flow from Operations","-","-","-","-","-","-","-","-","-","-","-","-","-","-","-","-","-","2,007.014","13,321.610","6,474.413","-5,247.769","-7,484.168","908.851","5,567.184","-13,375.705","8,557.409","-4,619.261","-12,233.252","-2,112.515","3,005.561","23,275.631","","-","-","-","-","-","-","-","-","-","-","-","-","-","-","-","-","-","-","-","-","-","-","-","-","-","-","-","-","-","-","-","-","-","-","-","-","-","-","-","-","-","-","-","-","-","-","-","-","-","-","-","-","-","-","-","-","-","-","-","-","-","-","-","-","-","-","-","-","-","-","-","-","-","-","-","-","-","-","-","-","-","-","-","-","-","-","0.000","0.000","0.000","0.000","0.000","0.000","0.000","0.000","0.000","-3,575.380","12,274.217","-14,709.470","-7,365.072","2,206.240","-245.535","5,433.941","1,162.763","4,147.628","-7,765.233","576.430","-1,578.086","11,177.916","-11,571.737","-12,063.118","223.687","-42.373","13,627.957","-6,276.407","-9,421.692","-9,767.032","16,517.274","-4,123.484","378.803","10,503.038"
"Purchase Of Property, Plant, Equipment","-","-","-","-","-","-","-","-","-","-","-","-","-","-","-","-","-","-168.879","-157.404","-227.186","-205.451","-235.270","-207.165","-318.320","-439.635","-504.313","-374.478","-341.727","-297.188","-562.870","-560.246","","-","-","-","-","-","-","-","-","-","-","-","-","-","-","-","-","-","-","-","-","-","-","-","-","-","-","-","-","-","-","-","-","-","-","-","-","-","-","-","-","-","-","-","-","-","-","-","-","-","-","-","-","-","-","-","-","-","-","-","-","-","-","-","-","-","-","-","-","-","-","-","-","-","-","-","-","-","-","-","-","-","-","-","-","-","-","0.000","0.000","0.000","0.000","0.000","0.000","0.000","0.000","0.000","-189.193","36.190","-127.599","-159.033","-65.393","-62.690","-99.838","-276.392","-97.008","-73.259","-88.392","-115.819","-59.691","-68.618","-93.836","-119.582","-507.755","379.904","-69.896","-99.441","-38.748","-38.499","-73.836","-411.787","-36.124"
"Sale Of Property, Plant, Equipment","-","-","-","-","-","-","-","-","-","-","-","-","-","-","-","-","-","29.113","45.994","66.540","21.835","27.506","24.949","25.395","18.625","8.138","33.015","325.920","85.951","228.994","284.594","","-","-","-","-","-","-","-","-","-","-","-","-","-","-","-","-","-","-","-","-","-","-","-","-","-","-","-","-","-","-","-","-","-","-","-","-","-","-","-","-","-","-","-","-","-","-","-","-","-","-","-","-","-","-","-","-","-","-","-","-","-","-","-","-","-","-","-","-","-","-","-","-","-","-","-","-","-","-","-","-","-","-","-","-","-","-","0.000","0.000","0.000","0.000","0.000","0.000","0.000","0.000","0.000","88.843","-84.334","4.047","10.069","1.224","1.776","-0.624","5.762","0.685","5.229","3.160","23.941","2.880","1.815","24.453","296.772","30.196","1.791","19.662","34.302","6.140","11.728","2.132","208.994","61.740"
"Purchase Of Business","-","-","-","-","-","-","-","-","-","-","-","-","-","-","-","-","-","-2.100","-802.370","-9.211","-2,174.564","-7,886.181","-78.907","-2,155.896","-47.676","-178.440","0.000","-9.836","0.000","-79.356","-79.356","","-","-","-","-","-","-","-","-","-","-","-","-","-","-","-","-","-","-","-","-","-","-","-","-","-","-","-","-","-","-","-","-","-","-","-","-","-","-","-","-","-","-","-","-","-","-","-","-","-","-","-","-","-","-","-","-","-","-","-","-","-","-","-","-","-","-","-","-","-","-","-","-","-","-","-","-","-","-","-","-","-","-","-","-","-","-","0.000","0.000","0.000","0.000","0.000","0.000","0.000","0.000","0.000","0.000","0.000","0.000","0.000","0.000","-0.281","0.281","-178.440","0.000","0.000","0.000","0.000","0.000","0.000","0.000","0.000","-0.402","0.402","0.000","0.000","-2.947","2.947","0.000","-79.356","0.000"
"Sale Of Business","-","-","-","-","-","-","-","-","-","-","-","-","-","-","-","-","-","0.000","7.020","0.000","0.000","0.000","0.000","0.000","92.739","0.000","97.461","484.921","17.056","43.869","52.344","","-","-","-","-","-","-","-","-","-","-","-","-","-","-","-","-","-","-","-","-","-","-","-","-","-","-","-","-","-","-","-","-","-","-","-","-","-","-","-","-","-","-","-","-","-","-","-","-","-","-","-","-","-","-","-","-","-","-","-","-","-","-","-","-","-","-","-","-","-","-","-","-","-","-","-","-","-","-","-","-","-","-","-","-","-","-","0.000","0.000","0.000","0.000","0.000","0.000","0.000","0.000","0.000","22.411","2.410","42.086","25.832","2.674","0.000","0.000","0.000","0.000","0.000","0.000","0.000","0.000","0.000","0.000","0.000","0.000","0.000","0.000","0.000","0.000","11.497","52.845","-20.473","8.475"
"Purchase Of Investment","-","-","-","-","-","-","-","-","-","-","-","-","-","-","-","-","-","0.000","0.000","0.000","0.000","0.000","0.000","-84.319","0.000","0.000","0.000","0.000","0.000","0.000","0.000","","-","-","-","-","-","-","-","-","-","-","-","-","-","-","-","-","-","-","-","-","-","-","-","-","-","-","-","-","-","-","-","-","-","-","-","-","-","-","-","-","-","-","-","-","-","-","-","-","-","-","-","-","-","-","-","-","-","-","-","-","-","-","-","-","-","-","-","-","-","-","-","-","-","-","-","-","-","-","-","-","-","-","-","-","-","-","0.000","0.000","0.000","0.000","0.000","0.000","0.000","0.000","0.000","0.000","0.000","0.000","0.000","0.000","0.000","0.000","0.000","0.000","0.000","0.000","0.000","0.000","0.000","0.000","0.000","0.000","0.000","0.000","0.000","0.000","0.000","0.000","0.000","0.000"
"Sale Of Investment","-","-","-","-","-","-","-","-","-","-","-","-","-","-","-","-","-","0.000","0.000","0.000","0.000","0.000","0.000","0.000","0.000","4.994","8.284","0.000","0.000","0.000","0.000","","-","-","-","-","-","-","-","-","-","-","-","-","-","-","-","-","-","-","-","-","-","-","-","-","-","-","-","-","-","-","-","-","-","-","-","-","-","-","-","-","-","-","-","-","-","-","-","-","-","-","-","-","-","-","-","-","-","-","-","-","-","-","-","-","-","-","-","-","-","-","-","-","-","-","-","-","-","-","-","-","-","-","-","-","-","-","0.000","0.000","0.000","0.000","0.000","0.000","0.000","0.000","0.000","0.000","0.000","0.000","0.000","0.000","0.000","0.000","0.000","0.000","0.000","0.000","0.000","0.000","0.000","0.000","0.000","0.000","0.000","0.000","0.000","0.000","0.000","0.000","0.000","0.000"
"Net Intangibles Purchase And Sale","-","-","-","-","-","-","-","-","-","-","-","-","-","-","-","-","-","0.000","-21.481","-101.077","-38.383","-33.282","0.000","-17.521","-391.668","-394.314","-253.581","-187.012","-270.467","-238.709","-321.389","","-","-","-","-","-","-","-","-","-","-","-","-","-","-","-","-","-","-","-","-","-","-","-","-","-","-","-","-","-","-","-","-","-","-","-","-","-","-","-","-","-","-","-","-","-","-","-","-","-","-","-","-","-","-","-","-","-","-","-","-","-","-","-","-","-","-","-","-","-","-","-","-","-","-","-","-","-","-","-","-","-","-","-","-","-","-","0.000","0.000","0.000","0.000","0.000","0.000","0.000","0.000","0.000","-19.996","-141.749","-187.995","-41.928","-63.973","-70.513","-60.680","-199.148","-66.375","-27.979","-30.705","-128.522","-57.802","-8.024","-69.876","-51.310","-39.379","-43.078","-57.568","-130.442","-40.257","-51.425","-57.039","-89.988","-122.937"
"Cash From Discontinued Investing Activities","-","-","-","-","-","-","-","-","-","-","-","-","-","-","-","-","-","0.000","0.000","0.000","0.000","0.000","0.000","0.000","0.000","0.000","0.000","0.000","0.000","0.000","0.000","","-","-","-","-","-","-","-","-","-","-","-","-","-","-","-","-","-","-","-","-","-","-","-","-","-","-","-","-","-","-","-","-","-","-","-","-","-","-","-","-","-","-","-","-","-","-","-","-","-","-","-","-","-","-","-","-","-","-","-","-","-","-","-","-","-","-","-","-","-","-","-","-","-","-","-","-","-","-","-","-","-","-","-","-","-","-","0.000","0.000","0.000","0.000","0.000","0.000","0.000","0.000","0.000","0.000","0.000","0.000","0.000","0.000","0.000","0.000","0.000","0.000","0.000","0.000","0.000","0.000","0.000","0.000","0.000","0.000","0.000","0.000","0.000","0.000","0.000","0.000","0.000","0.000"
"Cash From Other Investing Activities","-","-","-","-","-","-","-","-","-","-","-","-","-","-","-","-","-","18.462","-459.342","32.164","38.495","69.973","261.123","114.894","181.923","184.045","196.851","114.397","75.777","67.648","31.259","","-","-","-","-","-","-","-","-","-","-","-","-","-","-","-","-","-","-","-","-","-","-","-","-","-","-","-","-","-","-","-","-","-","-","-","-","-","-","-","-","-","-","-","-","-","-","-","-","-","-","-","-","-","-","-","-","-","-","-","-","-","-","-","-","-","-","-","-","-","-","-","-","-","-","-","-","-","-","-","-","-","-","-","-","-","-","0.000","0.000","0.000","0.000","0.000","0.000","0.000","0.000","0.000","20.584","31.076","-26.930","109.517","20.383","39.014","26.322","100.646","16.835","59.577","12.901","213.283","12.477","28.115","517.252","31.638","12.785","22.432","29.874","27.742","10.285","12.839","6.730","37.794","-26.104"
"Cash Flow from Investing","-","-","-","-","-","-","-","-","-","-","-","-","-","-","-","-","-","-123.404","-1,387.583","-238.770","-2,358.068","-8,057.254","0.000","-2,435.767","-585.692","-879.890","-292.448","386.663","-388.871","-540.424","-589.847","","-","-","-","-","-","-","-","-","-","-","-","-","-","-","-","-","-","-","-","-","-","-","-","-","-","-","-","-","-","-","-","-","-","-","-","-","-","-","-","-","-","-","-","-","-","-","-","-","-","-","-","-","-","-","-","-","-","-","-","-","-","-","-","-","-","-","-","-","-","-","-","-","-","-","-","-","-","-","-","-","-","-","-","-","-","-","0.000","0.000","0.000","0.000","0.000","0.000","0.000","0.000","0.000","-77.351","-156.407","-296.391","-55.543","-105.085","-92.694","-134.539","-547.572","-145.863","-36.432","-103.036","-7.117","-102.136","-46.712","377.993","157.518","-504.555","361.451","-77.928","-167.839","-65.527","-50.913","-69.168","-354.816","-114.950"
"Issuance of Stock","-","-","-","-","-","-","-","-","-","-","-","-","-","-","-","-","-","1,121.432","712.584","890.041","201.838","6,011.167","500.000","3,080.437","6,738.065","3,755.692","4,103.523","3,553.178","3,368.934","4,995.506","6,078.177","","-","-","-","-","-","-","-","-","-","-","-","-","-","-","-","-","-","-","-","-","-","-","-","-","-","-","-","-","-","-","-","-","-","-","-","-","-","-","-","-","-","-","-","-","-","-","-","-","-","-","-","-","-","-","-","-","-","-","-","-","-","-","-","-","-","-","-","-","-","-","-","-","-","-","-","-","-","-","-","-","-","-","-","-","-","-","0.000","0.000","0.000","0.000","0.000","0.000","0.000","0.000","0.000","0.036","1,622.294","6.122","5,109.613","8.037","2,250.021","252.164","1,245.470","24.956","2,226.204","292.519","1,559.844","22.809","1,845.383","20.113","1,664.873","0.411","2,034.904","-0.378","1,333.997","6.441","2,848.299","419.371","1,721.395","1,089.112"
"Repurchase of Stock","-","-","-","-","-","-","-","-","-","-","-","-","-","-","-","-","-","0.000","0.000","0.000","0.000","0.000","0.000","0.000","0.000","0.000","0.000","0.000","0.000","0.000","0.000","","-","-","-","-","-","-","-","-","-","-","-","-","-","-","-","-","-","-","-","-","-","-","-","-","-","-","-","-","-","-","-","-","-","-","-","-","-","-","-","-","-","-","-","-","-","-","-","-","-","-","-","-","-","-","-","-","-","-","-","-","-","-","-","-","-","-","-","-","-","-","-","-","-","-","-","-","-","-","-","-","-","-","-","-","-","-","0.000","0.000","0.000","0.000","0.000","0.000","0.000","0.000","0.000","0.000","0.000","0.000","0.000","0.000","0.000","0.000","0.000","0.000","0.000","0.000","0.000","0.000","0.000","0.000","0.000","0.000","0.000","0.000","0.000","0.000","0.000","0.000","0.000","0.000"
"Net Issuance of Preferred Stock","-","-","-","-","-","-","-","-","-","-","-","-","-","-","-","-","-","0.000","297.724","0.000","0.000","0.000","0.000","0.000","0.000","0.000","0.000","0.000","0.000","0.000","0.000","","-","-","-","-","-","-","-","-","-","-","-","-","-","-","-","-","-","-","-","-","-","-","-","-","-","-","-","-","-","-","-","-","-","-","-","-","-","-","-","-","-","-","-","-","-","-","-","-","-","-","-","-","-","-","-","-","-","-","-","-","-","-","-","-","-","-","-","-","-","-","-","-","-","-","-","-","-","-","-","-","-","-","-","-","-","-","0.000","0.000","0.000","0.000","0.000","0.000","0.000","0.000","0.000","0.000","0.000","0.000","0.000","0.000","0.000","0.000","0.000","0.000","0.000","0.000","0.000","0.000","0.000","0.000","0.000","0.000","0.000","0.000","0.000","0.000","0.000","0.000","0.000","0.000"
"Net Issuance of Debt","-","-","-","-","-","-","-","-","-","-","-","-","-","-","-","-","-","0.000","940.000","1,259.642","-1,312.710","2,437.279","0.000","5,446.465","3,002.249","708.677","5,675.137","11,469.296","884.522","3,122.501","2,242.671","","-","-","-","-","-","-","-","-","-","-","-","-","-","-","-","-","-","-","-","-","-","-","-","-","-","-","-","-","-","-","-","-","-","-","-","-","-","-","-","-","-","-","-","-","-","-","-","-","-","-","-","-","-","-","-","-","-","-","-","-","-","-","-","-","-","-","-","-","-","-","-","-","-","-","-","-","-","-","-","-","-","-","-","-","-","-","0.000","0.000","0.000","0.000","0.000","0.000","0.000","0.000","0.000","1,140.108","1,374.362","-634.316","1,122.095","459.392","-886.099","844.300","291.084","2,432.930","1,323.998","1,691.275","226.934","2,899.311","682.168","3,001.143","4,886.674","-3,988.792","1,581.914","-2,123.775","5,415.175","1,311.635","1,783.914","-710.628","737.580","431.805"
"Cash Flow for Dividends","-","-","-","-","-","-","-","-","-","-","-","-","-","-","-","-","-","-1,860.312","-2,983.727","-2,098.930","-2,183.908","-722.410","-1,008.613","-3,873.404","-3,944.958","-4,365.481","-4,939.066","-5,358.939","-4,926.889","-5,708.543","0.000","","-","-","-","-","-","-","-","-","-","-","-","-","-","-","-","-","-","-","-","-","-","-","-","-","-","-","-","-","-","-","-","-","-","-","-","-","-","-","-","-","-","-","-","-","-","-","-","-","-","-","-","-","-","-","-","-","-","-","-","-","-","-","-","-","-","-","-","-","-","-","-","-","-","-","-","-","-","-","-","-","-","-","-","-","-","-","0.000","0.000","0.000","0.000","0.000","0.000","0.000","0.000","0.000","0.000","0.000","0.000","0.000","0.000","0.000","0.000","0.000","0.000","0.000","0.000","0.000","0.000","0.000","0.000","0.000","0.000","0.000","0.000","0.000","0.000","0.000","0.000","0.000","0.000"
"Other Financing","-","-","-","-","-","-","-","-","-","-","-","-","-","-","-","-","-","-1,566.716","-1,301.041","-12.482","2,318.307","2,558.960","1,014.113","-5.210","-42.520","-52.292","-191.050","-99.043","-96.134","180.636","-5,516.385","","-","-","-","-","-","-","-","-","-","-","-","-","-","-","-","-","-","-","-","-","-","-","-","-","-","-","-","-","-","-","-","-","-","-","-","-","-","-","-","-","-","-","-","-","-","-","-","-","-","-","-","-","-","-","-","-","-","-","-","-","-","-","-","-","-","-","-","-","-","-","-","-","-","-","-","-","-","-","-","-","-","-","-","-","-","-","0.000","0.000","0.000","0.000","0.000","0.000","0.000","0.000","0.000","-7.485","-2,062.869","-3.273","-1,913.851","-8.948","-2,404.875","-4.988","-1,998.962","-0.061","-2,765.926","-7.082","-2,357.047","-0.000","-3,150.175","-0.000","-2,307.807","0.000","-3,013.962","-8.568","-2,000.493","-11.522","-3,278.643","-56.373","-2,181.369","-0.000"
"Cash Flow from Financing","-","-","-","-","-","-","-","-","-","-","-","-","-","-","-","-","-","-2,305.596","-2,334.460","38.271","-976.473","10,284.996","505.500","4,648.288","5,752.836","46.596","4,648.544","9,564.492","-769.567","2,590.100","2,804.463","","-","-","-","-","-","-","-","-","-","-","-","-","-","-","-","-","-","-","-","-","-","-","-","-","-","-","-","-","-","-","-","-","-","-","-","-","-","-","-","-","-","-","-","-","-","-","-","-","-","-","-","-","-","-","-","-","-","-","-","-","-","-","-","-","-","-","-","-","-","-","-","-","-","-","-","-","-","-","-","-","-","-","-","-","-","-","0.000","0.000","0.000","0.000","0.000","0.000","0.000","0.000","0.000","1,132.659","933.787","-631.467","4,317.857","458.481","-1,040.953","1,091.476","-462.408","2,457.825","784.276","1,976.712","-570.269","2,922.120","-622.624","3,021.256","4,243.740","-3,988.381","602.856","-2,132.721","4,748.679","1,306.554","1,353.570","-347.630","277.606","1,520.917"
"Net Change in Cash","-","-","-","-","-","-","-","-","-","-","-","-","-","-","-","-","-","-421.986","9,599.567","6,273.914","-8,582.310","-5,256.426","1,414.351","7,779.705","-8,208.561","7,724.115","-263.165","-2,282.097","-3,270.953","5,055.237","25,490.247","","-","-","-","-","-","-","-","-","-","-","-","-","-","-","-","-","-","-","-","-","-","-","-","-","-","-","-","-","-","-","-","-","-","-","-","-","-","-","-","-","-","-","-","-","-","-","-","-","-","-","-","-","-","-","-","-","-","-","-","-","-","-","-","-","-","-","-","-","-","-","-","-","-","-","-","-","-","-","-","-","-","-","-","-","-","-","0.000","0.000","0.000","0.000","0.000","0.000","0.000","0.000","0.000","-2,520.072","13,051.597","-15,637.328","-3,102.758","2,559.636","-1,379.182","6,390.878","152.783","6,459.590","-7,017.389","2,450.106","-2,155.472","13,997.900","-12,241.073","-8,663.869","4,624.945","-4,535.309","14,592.264","-8,487.056","-4,840.852","-8,526.005","17,819.931","-4,540.282","301.593","11,909.005"
"Capital Expenditure","-","-","-","-","-","-","-","-","-","-","-","-","-","-","-","-","-","-168.879","-178.885","-328.263","-243.834","-268.552","-236.107","-335.841","-831.303","-898.627","-628.059","-528.739","-567.655","-801.579","-881.635","","-","-","-","-","-","-","-","-","-","-","-","-","-","-","-","-","-","-","-","-","-","-","-","-","-","-","-","-","-","-","-","-","-","-","-","-","-","-","-","-","-","-","-","-","-","-","-","-","-","-","-","-","-","-","-","-","-","-","-","-","-","-","-","-","-","-","-","-","-","-","-","-","-","-","-","-","-","-","-","-","-","-","-","-","-","-","0.000","0.000","0.000","0.000","0.000","0.000","0.000","0.000","0.000","-209.189","-105.559","-315.594","-200.961","-129.366","-133.203","-160.518","-475.540","-163.383","-101.238","-119.097","-244.341","-117.493","-76.642","-163.712","-170.892","-547.134","336.826","-127.464","-229.883","-79.005","-89.924","-130.875","-501.775","-159.061"
"Free Cash Flow","-","-","-","-","-","-","-","-","-","-","-","-","-","-","-","-","-","1,838.135","13,142.725","6,146.150","-5,491.603","-7,752.720","672.744","5,231.343","-14,207.008","7,658.782","-5,247.320","-12,761.991","-2,680.170","2,203.982","22,393.996","","-","-","-","-","-","-","-","-","-","-","-","-","-","-","-","-","-","-","-","-","-","-","-","-","-","-","-","-","-","-","-","-","-","-","-","-","-","-","-","-","-","-","-","-","-","-","-","-","-","-","-","-","-","-","-","-","-","-","-","-","-","-","-","-","-","-","-","-","-","-","-","-","-","-","-","-","-","-","-","-","-","-","-","-","-","-","0.000","0.000","0.000","0.000","0.000","0.000","0.000","0.000","0.000","-3,784.569","12,168.658","-15,025.064","-7,566.033","2,076.874","-378.738","5,273.423","687.223","3,984.245","-7,866.471","457.333","-1,822.427","11,060.423","-11,648.379","-12,226.830","52.795","-589.507","13,964.783","-6,403.871","-9,651.575","-9,846.037","16,427.350","-4,254.359","-122.972","10,343.977"
"PE Ratio","-","-","-","-","-","-","-","-","-","-","-","-","-","-","-","-","-","16.050","14.440","14.560","11.750","49.170","14.030","14.560","12.650","13.180","12.380","11.670","12.090","13.500","13.140","","-","-","-","-","-","-","-","-","-","-","-","-","-","-","-","-","-","-","-","-","-","-","-","-","-","-","-","-","-","-","-","-","-","-","-","-","-","-","-","-","-","-","-","-","-","-","-","-","-","-","-","-","-","-","-","-","-","-","-","-","-","-","-","-","-","-","-","-","-","-","-","-","-","-","-","-","-","-","-","-","-","-","-","-","-","-","0.000","14.440","14.560","11.750","49.170","14.030","14.560","10.190","8.950","7.810","12.290","12.380","12.650","12.810","14.340","13.410","13.180","12.750","13.090","13.700","12.380","12.560","12.400","11.260","11.670","13.210","12.860","12.210","12.090","12.760","12.980","12.540","13.500","14.480"
"Price-to-Owner-Earnings","-","-","-","-","-","-","-","-","-","-","-","-","-","-","-","-","-","0.000","0.000","0.000","0.000","0.000","0.000","0.000","0.000","0.000","0.000","0.000","0.000","108.890","5.130","","-","-","-","-","-","-","-","-","-","-","-","-","-","-","-","-","-","-","-","-","-","-","-","-","-","-","-","-","-","-","-","-","-","-","-","-","-","-","-","-","-","-","-","-","-","-","-","-","-","-","-","-","-","-","-","-","-","-","-","-","-","-","-","-","-","-","-","-","-","-","-","-","-","-","-","-","-","-","-","-","-","-","-","-","-","-","0.000","0.000","0.000","0.000","0.000","0.000","0.000","0.000","0.000","0.000","0.000","0.000","0.000","0.000","0.000","0.000","0.000","0.000","0.000","0.000","0.000","115.190","0.000","0.000","0.000","0.000","0.000","12.250","0.000","0.000","0.000","0.000","108.890","5.410"
"PB Ratio","-","-","-","-","-","-","-","-","-","-","-","-","-","-","-","-","-","2.450","2.410","2.430","1.780","1.680","1.920","2.130","1.840","1.920","1.610","1.330","1.220","1.450","1.420","","-","-","-","-","-","-","-","-","-","-","-","-","-","-","-","-","-","-","-","-","-","-","-","-","-","-","-","-","-","-","-","-","-","-","-","-","-","-","-","-","-","-","-","-","-","-","-","-","-","-","-","-","-","-","-","-","-","-","-","-","-","-","-","-","-","-","-","-","-","-","-","-","-","-","-","-","-","-","-","-","-","-","-","-","-","-","2.450","2.410","2.430","1.780","1.680","1.920","2.130","0.000","1.910","1.990","1.860","1.910","1.840","1.820","2.030","1.920","1.920","1.780","1.820","1.860","1.610","1.560","1.530","1.400","1.330","1.420","1.260","1.160","1.220","1.290","1.390","1.400","1.450","1.570"
"Price-to-Tangible-Book","-","-","-","-","-","-","-","-","-","-","-","-","-","-","-","-","-","2.450","2.420","2.460","1.800","2.030","2.290","2.680","2.180","2.210","1.830","1.500","1.370","1.590","1.600","","-","-","-","-","-","-","-","-","-","-","-","-","-","-","-","-","-","-","-","-","-","-","-","-","-","-","-","-","-","-","-","-","-","-","-","-","-","-","-","-","-","-","-","-","-","-","-","-","-","-","-","-","-","-","-","-","-","-","-","-","-","-","-","-","-","-","-","-","-","-","-","-","-","-","-","-","-","-","-","-","-","-","-","-","-","-","2.450","2.420","2.460","1.800","2.030","2.290","2.680","0.000","2.380","2.440","2.250","2.270","2.180","2.140","2.380","2.220","2.210","2.040","2.070","2.110","1.830","1.760","1.720","1.580","1.500","1.580","1.410","1.300","1.370","1.440","1.540","1.550","1.590","1.730"
"Price-to-Free-Cash-Flow","-","-","-","-","-","-","-","-","-","-","-","-","-","-","-","-","-","21.810","3.120","7.550","0.000","0.000","79.580","12.380","0.000","11.280","0.000","0.000","0.000","50.000","4.520","","-","-","-","-","-","-","-","-","-","-","-","-","-","-","-","-","-","-","-","-","-","-","-","-","-","-","-","-","-","-","-","-","-","-","-","-","-","-","-","-","-","-","-","-","-","-","-","-","-","-","-","-","-","-","-","-","-","-","-","-","-","-","-","-","-","-","-","-","-","-","-","-","-","-","-","-","-","-","-","-","-","-","-","-","-","-","0.000","3.120","7.550","0.000","0.000","0.000","0.000","0.000","0.000","0.000","8.030","0.000","0.000","0.000","0.000","0.000","11.280","8.890","37.380","0.000","0.000","54.560","0.000","0.000","0.000","0.000","96.900","10.360","0.000","0.000","0.000","0.000","50.000","5.010"
"Price-to-Operating-Cash-Flow","-","-","-","-","-","-","-","-","-","-","-","-","-","-","-","-","-","19.970","3.040","7.150","0.000","0.000","59.060","11.640","0.000","10.120","0.000","0.000","0.000","36.160","4.360","","-","-","-","-","-","-","-","-","-","-","-","-","-","-","-","-","-","-","-","-","-","-","-","-","-","-","-","-","-","-","-","-","-","-","-","-","-","-","-","-","-","-","-","-","-","-","-","-","-","-","-","-","-","-","-","-","-","-","-","-","-","-","-","-","-","-","-","-","-","-","-","-","-","-","-","-","-","-","-","-","-","-","-","-","-","-","0.000","0.000","0.000","0.000","0.000","0.000","0.000","0.000","0.000","0.000","7.730","0.000","0.000","0.000","0.000","0.000","10.120","8.110","27.080","0.000","0.000","39.870","0.000","0.000","0.000","0.000","58.990","9.690","0.000","0.000","0.000","0.000","36.160","4.820"
"PS Ratio","-","-","-","-","-","-","-","-","-","-","-","-","-","-","-","-","-","5.630","4.980","5.190","3.580","3.230","4.340","4.830","3.730","4.010","3.880","3.410","3.220","3.890","3.870","","-","-","-","-","-","-","-","-","-","-","-","-","-","-","-","-","-","-","-","-","-","-","-","-","-","-","-","-","-","-","-","-","-","-","-","-","-","-","-","-","-","-","-","-","-","-","-","-","-","-","-","-","-","-","-","-","-","-","-","-","-","-","-","-","-","-","-","-","-","-","-","-","-","-","-","-","-","-","-","-","-","-","-","-","-","-","0.000","4.980","5.190","3.580","0.000","0.000","0.000","15.840","7.040","4.680","3.430","3.410","3.730","3.900","4.350","4.070","4.010","3.920","4.070","4.230","3.880","3.840","3.700","3.370","3.410","3.670","3.320","3.110","3.220","3.520","3.760","3.670","3.890","4.270"
"PEG Ratio","-","-","-","-","-","-","-","-","-","-","-","-","-","-","-","-","-","0.000","0.000","0.000","0.000","0.000","0.000","0.000","1.600","0.000","0.000","4.140","3.620","0.000","0.000","","-","-","-","-","-","-","-","-","-","-","-","-","-","-","-","-","-","-","-","-","-","-","-","-","-","-","-","-","-","-","-","-","-","-","-","-","-","-","-","-","-","-","-","-","-","-","-","-","-","-","-","-","-","-","-","-","-","-","-","-","-","-","-","-","-","-","-","-","-","-","-","-","-","-","-","-","-","-","-","-","-","-","-","-","-","-","0.000","0.000","0.000","0.000","0.000","0.000","0.000","0.000","0.000","0.000","0.000","0.000","1.600","0.000","0.000","0.000","0.000","0.000","0.000","0.000","0.000","0.000","0.000","2.940","4.140","0.000","0.980","1.100","3.620","0.000","0.000","0.000","0.000","0.000"
"EV-to-Revenue","-","-","-","-","-","-","-","-","-","-","-","-","-","-","-","-","-","1.040","4.980","5.200","3.570","1.890","1.870","2.530","2.540","2.620","2.160","2.390","2.380","3.280","3.050","","-","-","-","-","-","-","-","-","-","-","-","-","-","-","-","-","-","-","-","-","-","-","-","-","-","-","-","-","-","-","-","-","-","-","-","-","-","-","-","-","-","-","-","-","-","-","-","-","-","-","-","-","-","-","-","-","-","-","-","-","-","-","-","-","-","-","-","-","-","-","-","-","-","-","-","-","-","-","-","-","-","-","-","-","-","-","0.000","4.980","5.200","3.570","0.000","0.000","0.000","15.790","3.730","0.600","-0.010","1.120","2.540","2.400","2.670","2.520","2.620","2.420","2.600","2.630","2.160","1.720","2.430","2.790","2.390","2.360","1.850","2.300","2.380","3.200","3.130","3.100","3.280","3.450"
"EV-to-EBITDA","-","-","-","-","-","-","-","-","-","-","-","-","-","-","-","-","-","0.000","7.850","8.650","6.220","0.000","0.000","0.000","6.080","6.130","4.870","6.110","6.480","11.440","0.000","","-","-","-","-","-","-","-","-","-","-","-","-","-","-","-","-","-","-","-","-","-","-","-","-","-","-","-","-","-","-","-","-","-","-","-","-","-","-","-","-","-","-","-","-","-","-","-","-","-","-","-","-","-","-","-","-","-","-","-","-","-","-","-","-","-","-","-","-","-","-","-","-","-","-","-","-","-","-","-","-","-","-","-","-","-","-","0.000","7.850","8.650","6.220","0.000","0.000","0.000","33.160","9.780","1.580","-0.020","2.900","6.080","5.850","6.300","5.910","6.130","5.620","5.880","5.910","4.870","4.030","5.890","6.900","6.110","6.260","5.260","6.450","6.480","8.450","7.700","7.890","11.440","0.000"
"EV-to-EBIT","-","-","-","-","-","-","-","-","-","-","-","-","-","-","-","-","-","0.000","8.240","9.050","6.400","0.000","0.000","0.000","0.000","0.000","0.000","0.000","0.000","0.000","0.000","","-","-","-","-","-","-","-","-","-","-","-","-","-","-","-","-","-","-","-","-","-","-","-","-","-","-","-","-","-","-","-","-","-","-","-","-","-","-","-","-","-","-","-","-","-","-","-","-","-","-","-","-","-","-","-","-","-","-","-","-","-","-","-","-","-","-","-","-","-","-","-","-","-","-","-","-","-","-","-","-","-","-","-","-","-","-","0.000","8.240","9.050","6.400","0.000","0.000","0.000","0.000","0.000","0.000","0.000","0.000","0.000","0.000","0.000","0.000","0.000","0.000","0.000","0.000","0.000","0.000","0.000","0.000","0.000","0.000","0.000","0.000","0.000","0.000","0.000","0.000","0.000","0.000"
"Earnings Yield (Joel Greenblatt) %","-","-","-","-","-","-","-","-","-","-","-","-","-","-","-","-","-","0.000","12.140","11.050","15.630","0.000","0.000","0.000","0.000","0.000","0.000","0.000","0.000","0.000","0.000","","-","-","-","-","-","-","-","-","-","-","-","-","-","-","-","-","-","-","-","-","-","-","-","-","-","-","-","-","-","-","-","-","-","-","-","-","-","-","-","-","-","-","-","-","-","-","-","-","-","-","-","-","-","-","-","-","-","-","-","-","-","-","-","-","-","-","-","-","-","-","-","-","-","-","-","-","-","-","-","-","-","-","-","-","-","-","0.000","12.140","11.050","15.630","0.000","0.000","0.000","0.000","0.000","0.000","0.000","0.000","0.000","0.000","0.000","0.000","0.000","0.000","0.000","0.000","0.000","0.000","0.000","0.000","0.000","0.000","0.000","0.000","0.000","0.000","0.000","0.000","0.000","0.000"
"Forward Rate of Return (Yacktman) %","-","-","-","-","-","-","-","-","-","-","-","-","-","-","-","-","-","0.000","0.000","0.000","0.000","-5.310","-8.620","-11.570","5.370","0.000","0.000","-1.420","-3.430","-7.380","0.000","","-","-","-","-","-","-","-","-","-","-","-","-","-","-","-","-","-","-","-","-","-","-","-","-","-","-","-","-","-","-","-","-","-","-","-","-","-","-","-","-","-","-","-","-","-","-","-","-","-","-","-","-","-","-","-","-","-","-","-","-","-","-","-","-","-","-","-","-","-","-","-","-","-","-","-","-","-","-","-","-","-","-","-","-","-","-","0.000","0.000","0.000","0.000","-5.310","-8.620","-11.570","0.000","-13.070","0.000","0.000","0.000","5.370","0.000","0.000","0.000","0.000","0.000","0.000","0.000","0.000","0.000","0.000","-6.880","-1.420","0.000","9.750","6.060","-3.430","-9.020","-5.900","-9.830","-7.380","0.000"
"Shiller PE Ratio","-","-","-","-","-","-","-","-","-","-","-","-","-","-","-","-","-","0.000","0.000","0.000","0.000","0.000","0.000","14.820","18.240","0.000","0.000","0.000","0.000","0.000","0.000","","-","-","-","-","-","-","-","-","-","-","-","-","-","-","-","-","-","-","-","-","-","-","-","-","-","-","-","-","-","-","-","-","-","-","-","-","-","-","-","-","-","-","-","-","-","-","-","-","-","-","-","-","-","-","-","-","-","-","-","-","-","-","-","-","-","-","-","-","-","-","-","-","-","-","-","-","-","-","-","-","-","-","-","-","-","-","0.000","0.000","0.000","0.000","0.000","0.000","14.820","0.000","16.390","0.000","0.000","0.000","18.240","0.000","0.000","0.000","0.000","0.000","0.000","0.000","0.000","0.000","0.000","0.000","0.000","0.000","0.000","0.000","0.000","0.000","0.000","0.000","0.000","0.000"
"Dividend Yield %","-","-","-","-","-","-","-","-","-","-","-","-","-","-","-","-","-","0.000","0.000","0.000","0.000","0.000","0.000","8.050","0.870","4.360","6.430","6.790","6.100","0.000","5.740","","-","-","-","-","-","-","-","-","-","-","-","-","-","-","-","-","-","-","-","-","-","-","-","-","-","-","-","-","-","-","-","-","-","-","-","-","-","-","-","-","-","-","-","-","-","-","-","-","-","-","-","-","-","-","-","-","-","-","-","-","-","-","-","-","-","-","-","-","-","-","-","-","-","-","-","-","-","-","-","-","-","-","-","-","-","-","0.000","0.000","0.000","0.000","0.000","0.000","8.050","9.000","12.120","11.720","4.140","4.440","0.870","0.860","3.940","4.420","4.360","4.490","4.220","5.920","6.430","6.320","6.240","3.860","6.790","6.320","6.630","9.870","6.100","5.610","4.360","4.720","0.000","0.000"
"Market Cap","-","-","-","-","-","-","-","-","-","-","-","-","-","-","-","-","-","40,138.678","40,640.497","46,662.560","34,404.246","41,758.194","53,509.529","66,855.197","77,649.196","88,443.558","85,456.606","81,998.700","83,584.240","105,636.552","104,945.930","","-","-","-","-","-","-","-","-","-","-","-","-","-","-","-","-","-","-","-","-","-","-","-","-","-","-","-","-","-","-","-","-","-","-","-","-","-","-","-","-","-","-","-","-","-","-","-","-","-","-","-","-","-","-","-","-","-","-","-","-","-","-","-","-","-","-","-","-","-","-","-","-","-","-","-","-","-","-","-","-","-","-","-","-","-","-","40,138.678","40,640.497","46,662.560","34,404.246","41,758.194","53,509.529","66,855.197","59,825.680","65,546.395","67,761.833","68,327.712","70,768.685","77,649.196","78,922.602","90,451.504","85,581.038","88,443.558","85,721.685","88,859.592","92,818.734","85,456.606","86,837.249","86,399.113","83,560.580","81,998.700","87,928.448","80,082.305","76,449.000","83,584.240","90,923.344","98,944.205","100,748.206","105,636.552","115,293.656"
"Enterprise Value","-","-","-","-","-","-","-","-","-","-","-","-","-","-","-","-","-","7,445.101","5,357.224","-6,920.976","-886.823","19,843.772","23,096.524","33,967.224","49,339.636","56,459.108","46,313.425","58,218.659","60,361.533","85,617.725","80,077.349","","-","-","-","-","-","-","-","-","-","-","-","-","-","-","-","-","-","-","-","-","-","-","-","-","-","-","-","-","-","-","-","-","-","-","-","-","-","-","-","-","-","-","-","-","-","-","-","-","-","-","-","-","-","-","-","-","-","-","-","-","-","-","-","-","-","-","-","-","-","-","-","-","-","-","-","-","-","-","-","-","-","-","-","-","-","-","7,445.101","5,357.224","-6,920.976","-886.823","19,843.772","23,096.524","33,967.224","59,825.680","34,115.785","8,586.963","-141.481","22,630.530","49,339.636","46,528.147","53,217.589","51,977.592","56,459.108","52,280.213","55,743.943","55,498.225","46,313.425","38,517.442","55,759.201","66,565.658","58,218.659","57,805.316","45,769.247","56,590.502","60,361.533","81,401.518","79,097.478","82,343.392","85,617.725","90,425.075"
"Net Cash per Share","-","-","-","-","-","-","-","-","-","-","-","-","-","-","-","-","-","-27.090","-31.600","-32.550","-38.000","-35.470","-37.570","-43.150","-45.810","-50.060","-53.810","-57.290","-56.750","-56.350","-55.850","","-","-","-","-","-","-","-","-","-","-","-","-","-","-","-","-","-","-","-","-","-","-","-","-","-","-","-","-","-","-","-","-","-","-","-","-","-","-","-","-","-","-","-","-","-","-","-","-","-","-","-","-","-","-","-","-","-","-","-","-","-","-","-","-","-","-","-","-","-","-","-","-","-","-","-","-","-","-","-","-","-","-","-","-","-","-","-27.090","-31.600","-32.550","-38.000","-35.470","-37.570","-43.150","0.000","-45.630","-47.020","-47.550","-47.760","-45.810","-47.170","-47.920","-48.830","-50.060","-51.260","-50.710","-51.470","-53.810","-54.340","-55.510","-58.040","-57.290","-56.720","-57.360","-55.720","-56.750","-58.840","-57.420","-57.580","-56.350","-55.850"
"Net Current Asset Value","-","-","-","-","-","-","-","-","-","-","-","-","-","-","-","-","-","0.000","0.000","0.000","0.000","0.000","0.000","0.000","0.000","0.000","0.000","0.000","0.000","0.000","0.000","","-","-","-","-","-","-","-","-","-","-","-","-","-","-","-","-","-","-","-","-","-","-","-","-","-","-","-","-","-","-","-","-","-","-","-","-","-","-","-","-","-","-","-","-","-","-","-","-","-","-","-","-","-","-","-","-","-","-","-","-","-","-","-","-","-","-","-","-","-","-","-","-","-","-","-","-","-","-","-","-","-","-","-","-","-","-","0.000","0.000","0.000","0.000","0.000","0.000","0.000","0.000","0.000","0.000","0.000","0.000","0.000","0.000","0.000","0.000","0.000","0.000","0.000","0.000","0.000","0.000","0.000","0.000","0.000","0.000","0.000","0.000","0.000","0.000","0.000","0.000","0.000","0.000"
"Net-Net Working Capital","-","-","-","-","-","-","-","-","-","-","-","-","-","-","-","-","-","-27.090","-31.600","-32.550","-38.000","-35.470","-37.570","-43.150","-45.810","-50.060","-53.810","-57.290","-56.750","-56.350","-55.850","","-","-","-","-","-","-","-","-","-","-","-","-","-","-","-","-","-","-","-","-","-","-","-","-","-","-","-","-","-","-","-","-","-","-","-","-","-","-","-","-","-","-","-","-","-","-","-","-","-","-","-","-","-","-","-","-","-","-","-","-","-","-","-","-","-","-","-","-","-","-","-","-","-","-","-","-","-","-","-","-","-","-","-","-","-","-","-27.090","-31.600","-32.550","-38.000","-35.470","-37.570","-43.150","0.000","-45.630","-47.020","-47.550","-47.760","-45.810","-47.170","-47.920","-48.830","-50.060","-51.260","-50.710","-51.470","-53.810","-54.340","-55.510","-58.040","-57.290","-56.720","-57.360","-55.720","-56.750","-58.840","-57.420","-57.580","-56.350","-55.850"
"Intrinsic Value: Projected FCF","-","-","-","-","-","-","-","-","-","-","-","-","-","-","-","-","-","0.000","0.000","0.000","0.000","0.000","6.570","7.020","2.060","0.000","0.000","0.910","1.140","1.740","3.810","","-","-","-","-","-","-","-","-","-","-","-","-","-","-","-","-","-","-","-","-","-","-","-","-","-","-","-","-","-","-","-","-","-","-","-","-","-","-","-","-","-","-","-","-","-","-","-","-","-","-","-","-","-","-","-","-","-","-","-","-","-","-","-","-","-","-","-","-","-","-","-","-","-","-","-","-","-","-","-","-","-","-","-","-","-","-","0.000","0.000","0.000","0.000","0.000","0.000","0.000","0.000","5.350","0.000","0.000","0.000","2.060","0.000","0.000","0.000","0.000","0.000","0.000","0.000","0.000","0.000","0.000","0.910","0.910","1.000","3.350","2.460","1.140","-0.230","2.340","1.770","1.740","3.810"
"Median PS Value","-","-","-","-","-","-","-","-","-","-","-","-","-","-","-","-","-","9.310","10.320","11.090","0.000","0.000","0.000","0.000","9.290","9.380","8.910","9.290","9.610","9.490","9.370","","-","-","-","-","-","-","-","-","-","-","-","-","-","-","-","-","-","-","-","-","-","-","-","-","-","-","-","-","-","-","-","-","-","-","-","-","-","-","-","-","-","-","-","-","-","-","-","-","-","-","-","-","-","-","-","-","-","-","-","-","-","-","-","-","-","-","-","-","-","-","-","-","-","-","-","-","-","-","-","-","-","-","-","-","-","-","0.000","0.000","0.000","0.000","0.000","0.000","0.000","1.900","4.590","7.140","9.550","9.970","9.290","9.030","9.010","9.100","9.380","9.310","9.110","8.870","8.910","9.160","9.320","9.590","9.290","9.260","9.230","9.090","9.610","9.550","9.650","9.780","9.490","9.370"
"Peter Lynch Fair Value","-","-","-","-","-","-","-","-","-","-","-","-","-","-","-","-","-","0.000","0.000","0.000","0.000","0.000","0.000","0.000","5.740","0.000","0.000","0.000","16.950","0.000","0.000","","-","-","-","-","-","-","-","-","-","-","-","-","-","-","-","-","-","-","-","-","-","-","-","-","-","-","-","-","-","-","-","-","-","-","-","-","-","-","-","-","-","-","-","-","-","-","-","-","-","-","-","-","-","-","-","-","-","-","-","-","-","-","-","-","-","-","-","-","-","-","-","-","-","-","-","-","-","-","-","-","-","-","-","-","-","-","0.000","0.000","0.000","0.000","0.000","0.000","0.000","0.000","0.000","0.000","0.000","0.000","5.740","0.000","0.000","0.000","0.000","0.000","0.000","0.000","0.000","0.000","0.000","0.000","0.000","0.000","8.360","6.800","16.950","7.090","0.000","0.000","0.000","0.000"
"Graham Number","-","-","-","-","-","-","-","-","-","-","-","-","-","-","-","-","-","5.930","6.140","6.840","6.490","2.800","6.330","6.790","8.300","8.760","9.140","9.530","9.570","9.980","10.060","","-","-","-","-","-","-","-","-","-","-","-","-","-","-","-","-","-","-","-","-","-","-","-","-","-","-","-","-","-","-","-","-","-","-","-","-","-","-","-","-","-","-","-","-","-","-","-","-","-","-","-","-","-","-","-","-","-","-","-","-","-","-","-","-","-","-","-","-","-","-","-","-","-","-","-","-","-","-","-","-","-","-","-","-","-","-","0.000","0.000","0.000","0.000","11.950","12.200","12.100","0.000","11.020","9.620","7.840","8.050","8.300","8.470","8.440","8.560","8.760","9.000","8.960","8.800","9.140","9.410","9.380","9.620","9.530","9.360","9.050","8.920","9.570","9.880","10.210","10.260","10.020","10.060"
"Earnings Power Value (EPV)","-","-","-","-","-","-","-","-","-","-","-","-","-","-","-","-","-","0.000","0.000","0.000","0.000","0.000","0.000","0.000","0.000","0.000","3.590","1.650","1.880","1.520","1.930","","-","-","-","-","-","-","-","-","-","-","-","-","-","-","-","-","-","-","-","-","-","-","-","-","-","-","-","-","-","-","-","-","-","-","-","-","-","-","-","-","-","-","-","-","-","-","-","-","-","-","-","-","-","-","-","-","-","-","-","-","-","-","-","-","-","-","-","-","-","-","-","-","-","-","-","-","-","-","-","-","-","-","-","-","-","-","0.000","0.000","0.000","0.000","0.000","0.000","0.000","0.000","0.000","0.000","0.000","0.000","0.000","0.000","0.000","0.000","0.000","0.000","0.000","3.430","3.590","4.600","2.690","1.250","1.650","2.500","3.040","1.560","1.880","0.560","1.570","1.490","1.520","1.930"
"Altman Z-Score","-","-","-","-","-","-","-","-","-","-","-","-","-","-","-","-","-","0.000","0.000","0.000","0.000","0.000","0.000","0.000","0.000","0.000","0.000","0.000","0.000","0.000","0.000","","-","-","-","-","-","-","-","-","-","-","-","-","-","-","-","-","-","-","-","-","-","-","-","-","-","-","-","-","-","-","-","-","-","-","-","-","-","-","-","-","-","-","-","-","-","-","-","-","-","-","-","-","-","-","-","-","-","-","-","-","-","-","-","-","-","-","-","-","-","-","-","-","-","-","-","-","-","-","-","-","-","-","-","-","-","-","0.000","0.000","0.000","0.000","0.000","0.000","0.000","0.000","0.000","0.000","0.000","0.000","0.000","0.000","0.000","0.000","0.000","0.000","0.000","0.000","0.000","0.000","0.000","0.000","0.000","0.000","0.000","0.000","0.000","0.000","0.000","0.000","0.000","0.000"
"Piotroski F-Score","-","-","-","-","-","-","-","-","-","-","-","-","-","-","-","-","-","0.000","0.000","0.000","0.000","3.000","5.000","3.000","0.000","0.000","0.000","0.000","0.000","0.000","0.000","","-","-","-","-","-","-","-","-","-","-","-","-","-","-","-","-","-","-","-","-","-","-","-","-","-","-","-","-","-","-","-","-","-","-","-","-","-","-","-","-","-","-","-","-","-","-","-","-","-","-","-","-","-","-","-","-","-","-","-","-","-","-","-","-","-","-","-","-","-","-","-","-","-","-","-","-","-","-","-","-","-","-","-","-","-","-","0.000","0.000","0.000","0.000","3.000","5.000","3.000","0.000","0.000","0.000","0.000","0.000","0.000","0.000","0.000","3.000","0.000","0.000","0.000","0.000","0.000","0.000","0.000","0.000","0.000","0.000","0.000","0.000","0.000","0.000","0.000","0.000","0.000","0.000"
"Beneish M-Score","-","-","-","-","-","-","-","-","-","-","-","-","-","-","-","-","-","0.000","0.000","0.000","0.000","0.000","0.000","0.000","-1.370","-2.390","-2.440","-2.330","-2.390","-2.420","-2.530","","-","-","-","-","-","-","-","-","-","-","-","-","-","-","-","-","-","-","-","-","-","-","-","-","-","-","-","-","-","-","-","-","-","-","-","-","-","-","-","-","-","-","-","-","-","-","-","-","-","-","-","-","-","-","-","-","-","-","-","-","-","-","-","-","-","-","-","-","-","-","-","-","-","-","-","-","-","-","-","-","-","-","-","-","-","-","0.000","0.000","0.000","0.000","0.000","0.000","0.000","0.000","0.000","0.000","0.000","0.000","-1.370","-3.010","-2.900","0.000","-2.390","-2.420","-2.430","-2.430","-2.440","-2.450","-2.390","-2.290","-2.330","-2.230","-2.430","-2.480","-2.390","-2.360","-2.370","-2.330","-2.420","-2.530"
"Scaled Net Operating Assets","-","-","-","-","-","-","-","-","-","-","-","-","-","-","-","-","-","-0.085","-0.096","-0.153","-0.062","0.011","-0.008","-0.004","0.033","0.028","0.025","0.059","0.064","0.072","0.063","","-","-","-","-","-","-","-","-","-","-","-","-","-","-","-","-","-","-","-","-","-","-","-","-","-","-","-","-","-","-","-","-","-","-","-","-","-","-","-","-","-","-","-","-","-","-","-","-","-","-","-","-","-","-","-","-","-","-","-","-","-","-","-","-","-","-","-","-","-","-","-","-","-","-","-","-","-","-","-","-","-","-","-","-","-","-","-0.085","-0.096","-0.153","-0.062","0.011","-0.008","-0.004","0.000","0.000","-0.056","-0.069","-0.022","0.029","0.022","0.014","0.021","0.026","0.026","0.027","0.022","0.023","0.011","0.039","0.064","0.054","0.045","0.041","0.063","0.063","0.083","0.069","0.071","0.069","0.063"
"Sloan Ratio %","-","-","-","-","-","-","-","-","-","-","-","-","-","-","-","-","-","0.340","-4.060","-1.160","3.940","5.240","0.910","0.320","3.980","-0.200","1.820","2.640","1.260","0.660","-1.950","","-","-","-","-","-","-","-","-","-","-","-","-","-","-","-","-","-","-","-","-","-","-","-","-","-","-","-","-","-","-","-","-","-","-","-","-","-","-","-","-","-","-","-","-","-","-","-","-","-","-","-","-","-","-","-","-","-","-","-","-","-","-","-","-","-","-","-","-","-","-","-","-","-","-","-","-","-","-","-","-","-","-","-","-","-","-","0.000","0.000","0.000","0.000","0.000","0.000","0.000","0.000","0.570","1.640","-0.630","2.530","3.980","2.750","4.980","1.220","-0.200","-0.510","0.780","1.510","1.820","0.700","1.280","2.980","2.640","4.280","0.550","-0.200","1.260","2.520","2.240","1.940","0.660","-1.950"
"Current Ratio","-","-","-","-","-","-","-","-","-","-","-","-","-","-","-","-","-","0.000","0.000","0.000","0.000","0.000","0.000","0.000","0.000","0.000","0.000","0.000","0.000","0.000","0.000","","-","-","-","-","-","-","-","-","-","-","-","-","-","-","-","-","-","-","-","-","-","-","-","-","-","-","-","-","-","-","-","-","-","-","-","-","-","-","-","-","-","-","-","-","-","-","-","-","-","-","-","-","-","-","-","-","-","-","-","-","-","-","-","-","-","-","-","-","-","-","-","-","-","-","-","-","-","-","-","-","-","-","-","-","-","-","0.000","0.000","0.000","0.000","0.000","0.000","0.000","0.000","0.000","0.000","0.000","0.000","0.000","0.000","0.000","0.000","0.000","0.000","0.000","0.000","0.000","0.000","0.000","0.000","0.000","0.000","0.000","0.000","0.000","0.000","0.000","0.000","0.000","0.000"
"Quick Ratio","-","-","-","-","-","-","-","-","-","-","-","-","-","-","-","-","-","0.000","0.000","0.000","0.000","0.000","0.000","0.000","0.000","0.000","0.000","0.000","0.000","0.000","0.000","","-","-","-","-","-","-","-","-","-","-","-","-","-","-","-","-","-","-","-","-","-","-","-","-","-","-","-","-","-","-","-","-","-","-","-","-","-","-","-","-","-","-","-","-","-","-","-","-","-","-","-","-","-","-","-","-","-","-","-","-","-","-","-","-","-","-","-","-","-","-","-","-","-","-","-","-","-","-","-","-","-","-","-","-","-","-","0.000","0.000","0.000","0.000","0.000","0.000","0.000","0.000","0.000","0.000","0.000","0.000","0.000","0.000","0.000","0.000","0.000","0.000","0.000","0.000","0.000","0.000","0.000","0.000","0.000","0.000","0.000","0.000","0.000","0.000","0.000","0.000","0.000","0.000"
"Interest Coverage","","","","","","","","","","","","","","","","","","0.000","0.000","0.000","0.000","0.000","0.000","0.000","0.000","0.000","0.000","0.000","0.000","0.000","","","-","-","-","-","-","-","-","-","-","-","-","-","-","-","-","-","-","-","-","-","-","-","-","-","-","-","-","-","-","-","-","-","-","-","-","-","-","-","-","-","-","-","-","-","-","-","-","-","-","-","-","-","-","-","-","-","-","-","-","-","-","-","-","-","-","-","-","-","-","-","-","-","-","-","-","-","-","-","-","-","-","-","-","-","-","-","N/A","N/A","N/A","N/A","N/A","N/A","N/A","0.000","0.000","0.000","0.000","0.000","0.000","0.000","0.000","0.000","0.000","0.000","0.000","0.000","0.000","0.000","0.000","0.000","0.000","0.000","0.000","0.000","0.000","0.000","0.000","0.000","0.000","0.000"
"Highest Stock Price","-","-","-","-","-","-","-","-","-","-","-","-","-","-","-","-","-","8.550","8.120","9.270","7.590","6.100","7.720","9.200","9.460","10.740","10.160","9.290","8.230","9.850","11.080","","-","-","-","-","-","-","-","-","-","-","-","-","-","-","-","-","-","-","-","-","-","-","-","-","-","-","-","-","-","-","-","-","-","-","-","-","-","-","-","-","-","-","-","-","-","-","-","-","-","-","-","-","-","-","-","-","-","-","-","-","-","-","-","-","-","-","-","-","-","-","-","-","-","-","-","-","-","-","-","-","-","-","-","-","-","-","8.550","8.120","9.270","7.590","6.100","7.720","9.200","8.990","8.580","8.870","8.950","9.460","9.280","9.400","10.480","10.740","10.100","9.980","10.000","10.160","9.960","9.350","9.550","9.290","8.710","9.020","9.170","8.230","8.200","9.000","9.640","9.850","9.800","10.600"
"Lowest Stock Price","-","-","-","-","-","-","-","-","-","-","-","-","-","-","-","-","-","0.000","0.000","0.000","6.330","3.820","3.820","3.820","8.190","8.840","8.290","8.180","7.500","8.010","9.100","","-","-","-","-","-","-","-","-","-","-","-","-","-","-","-","-","-","-","-","-","-","-","-","-","-","-","-","-","-","-","-","-","-","-","-","-","-","-","-","-","-","-","-","-","-","-","-","-","-","-","-","-","-","-","-","-","-","-","-","-","-","-","-","-","-","-","-","-","-","-","-","-","-","-","-","-","-","-","-","-","-","-","-","-","-","-","7.760","7.470","8.550","6.330","3.820","6.950","8.630","7.510","7.880","8.190","8.430","8.670","8.940","8.840","9.300","9.700","9.550","9.470","9.670","9.830","8.290","8.390","9.030","8.190","8.180","8.180","8.000","7.500","7.500","8.010","8.940","9.420","9.150","9.660"
"Shares Buyback Ratio %","-","-","-","-","-","-","-","-","-","-","-","-","-","-","-","-","-","0.000","-3.090","-2.430","-0.400","-30.220","0.000","-5.650","-12.860","-5.000","-5.160","-4.750","-4.420","-5.750","-6.710","","-","-","-","-","-","-","-","-","-","-","-","-","-","-","-","-","-","-","-","-","-","-","-","-","-","-","-","-","-","-","-","-","-","-","-","-","-","-","-","-","-","-","-","-","-","-","-","-","-","-","-","-","-","-","-","-","-","-","-","-","-","-","-","-","-","-","-","-","-","-","-","-","-","-","-","-","-","-","-","-","-","-","-","-","-","-","0.000","-3.090","-2.430","-0.400","-30.220","0.000","-5.650","0.000","-2.160","0.000","-2.810","-0.010","-7.460","-0.010","-3.040","0.000","-1.900","0.070","-2.080","-3.090","0.000","0.130","-1.560","-3.270","0.000","0.140","-0.920","-3.610","0.000","0.000","-0.800","-2.890","-1.960","-0.900"
"YoY Rev. per Sh. Growth","-","-","-","-","-","-","-","-","-","-","-","-","-","-","-","-","-","0.000","10.420","7.360","6.310","4.110","-4.600","6.380","32.780","1.140","-4.830","3.380","4.370","-2.000","-1.890","","-","-","-","-","-","-","-","-","-","-","-","-","-","-","-","-","-","-","-","-","-","-","-","-","-","-","-","-","-","-","-","-","-","-","-","-","-","-","-","-","-","-","-","-","-","-","-","-","-","-","-","-","-","-","-","-","-","-","-","-","-","-","-","-","-","-","-","-","-","-","-","-","-","-","-","-","-","-","-","-","-","-","-","-","-","-","0.000","0.000","0.000","0.000","0.000","0.000","0.000","0.000","0.000","0.000","0.000","22.180","-25.250","-10.190","-1.100","4.210","13.510","-2.960","-8.240","-10.110","1.980","11.360","7.250","12.110","-12.640","-1.370","-1.130","-5.860","25.420","-2.310","4.230","5.900","-11.540","-5.060"
"YoY EPS Growth","-","-","-","-","-","-","-","-","-","-","-","-","-","-","-","-","-","0.000","7.990","12.330","-9.970","-77.490","349.170","13.910","18.400","4.130","-2.110","-2.830","-5.830","6.190","4.720","","-","-","-","-","-","-","-","-","-","-","-","-","-","-","-","-","-","-","-","-","-","-","-","-","-","-","-","-","-","-","-","-","-","-","-","-","-","-","-","-","-","-","-","-","-","-","-","-","-","-","-","-","-","-","-","-","-","-","-","-","-","-","-","-","-","-","-","-","-","-","-","-","-","-","-","-","-","-","-","-","-","-","-","-","-","-","0.000","0.000","0.000","0.000","102.610","-26.470","-6.830","-74.960","45.000","-67.350","-69.540","11.700","-0.570","1.700","-2.670","4.710","13.290","1.120","-4.400","-12.000","7.140","1.100","-3.450","13.070","-19.050","-20.220","-29.760","-9.550","37.650","14.380","36.440","10.000","-14.530","3.590"
"YoY EBITDA Growth","","","","","","","","","","","","","","","","","","0.000","0.000","0.000","0.000","0.000","0.000","0.000","0.000","0.000","0.000","0.000","0.000","0.000","","","","","","","","","","","","","","","","","","","","","","","","","","","","","","","","","","","","","","","","","","","","","","","","","","","","","","","","","","","","","","","","","","","","","","","","","","","","","","","","","","","","","","","","","","","","","","","","0.000","0.000","0.000","0.000","0.000","0.000","0.000","0.000","0.000","0.000","0.000","0.000","0.000","0.000","0.000","0.000","0.000","0.000","0.000","0.000","0.000","0.000","0.000","0.000","0.000","0.000","0.000"
"5-Year EBITDA Growth Rate","-","-","-","-","-","-","-","-","-","-","-","-","-","-","-","-","-","0.000","0.000","0.000","0.000","-15.680","-18.010","-12.670","7.890","0.000","0.000","2.820","3.340","-3.740","0.000","","-","-","-","-","-","-","-","-","-","-","-","-","-","-","-","-","-","-","-","-","-","-","-","-","-","-","-","-","-","-","-","-","-","-","-","-","-","-","-","-","-","-","-","-","-","-","-","-","-","-","-","-","-","-","-","-","-","-","-","-","-","-","-","-","-","-","-","-","-","-","-","-","-","-","-","-","-","-","-","-","-","-","-","-","-","-","0.000","0.000","0.000","0.000","-15.680","-18.010","-12.670","0.000","-12.090","0.000","0.000","0.000","7.890","0.000","0.000","0.000","0.000","0.000","0.000","0.000","0.000","0.000","0.000","3.830","2.820","0.000","13.070","11.070","3.340","-0.730","-2.320","-2.250","-3.740","0.000"
"Shares Outstanding (Basic Average)","-","-","-","-","-","-","-","-","-","-","-","-","-","-","-","-","-","5,091.801","5,244.858","5,356.801","5,492.259","5,763.330","7,077.957","7,246.461","7,904.374","8,645.760","9,057.541","9,489.893","9,939.881","10,439.428","10,840.162","","-","-","-","-","-","-","-","-","-","-","-","-","-","-","-","-","-","-","-","-","-","-","-","-","-","-","-","-","-","-","-","-","-","-","-","-","-","-","-","-","-","-","-","-","-","-","-","-","-","-","-","-","-","-","-","-","-","-","-","-","-","-","-","-","-","-","-","-","-","-","-","-","-","-","-","-","-","-","-","-","-","-","-","-","-","-","5,091.801","5,244.858","5,356.801","5,492.259","5,763.330","7,077.957","7,246.461","7,478.215","7,505.086","7,639.441","7,710.885","7,842.562","8,428.426","8,428.948","8,597.673","8,710.306","8,846.115","8,852.688","9,020.269","9,128.329","9,228.877","9,307.120","9,452.680","9,525.788","9,673.985","9,748.034","9,838.037","9,994.697","10,178.756","10,179.040","10,328.035","10,208.481","10,698.745","10,840.162"
"Shares Outstanding (EOP)","-","-","-","-","-","-","-","-","-","-","-","-","-","-","-","-","-","5,126.268","5,284.850","5,413.290","5,435.110","7,077.660","7,077.980","7,478.210","8,440.130","8,862.080","9,319.150","9,761.750","10,193.200","10,779.240","10,943.270","","-","-","-","-","-","-","-","-","-","-","-","-","-","-","-","-","-","-","-","-","-","-","-","-","-","-","-","-","-","-","-","-","-","-","-","-","-","-","-","-","-","-","-","-","-","-","-","-","-","-","-","-","-","-","-","-","-","-","-","-","-","-","-","-","-","-","-","-","-","-","-","-","-","-","-","-","-","-","-","-","-","-","-","-","-","-","5,126.268","5,284.850","5,413.290","5,435.110","7,077.660","7,077.980","7,478.210","7,478.210","7,639.440","7,639.440","7,853.760","7,854.460","8,440.130","8,440.920","8,697.260","8,697.260","8,862.080","8,855.546","9,039.633","9,319.150","9,319.150","9,307.315","9,452.857","9,761.750","9,761.750","9,748.165","9,838.121","10,193.200","10,193.200","10,193.200","10,274.580","10,571.690","10,779.240","10,876.760"
"Beta","-","-","-","-","-","-","-","-","-","-","-","-","-","-","-","-","-","1.050","0.960","0.650","0.620","0.970","1.100","1.220","0.790","0.700","0.850","0.790","0.820","0.880","0.850","","-","-","-","-","-","-","-","-","-","-","-","-","-","-","-","-","-","-","-","-","-","-","-","-","-","-","-","-","-","-","-","-","-","-","-","-","-","-","-","-","-","-","-","-","-","-","-","-","-","-","-","-","-","-","-","-","-","-","-","-","-","-","-","-","-","-","-","-","-","-","-","-","-","-","-","-","-","-","-","-","-","-","-","-","-","-","1.050","0.960","0.650","0.620","0.970","1.100","1.220","1.240","1.100","1.010","0.910","0.870","0.790","0.750","0.770","0.700","0.700","0.710","0.730","0.700","0.850","0.770","0.690","0.700","0.790","0.800","0.680","0.710","0.820","0.850","0.880","0.870","0.880","0.000"
"Filing Date","-","-","-","-","-","-","-","-","-","-","-","-","-","-","-","-","-","06/30/06","","","","","","09/08/11","03/06/13","05/14/14","02/26/15","03/15/16","03/15/17","03/14/18","","","-","-","-","-","-","-","-","-","-","-","-","-","-","-","-","-","-","-","-","-","-","-","-","-","-","-","-","-","-","-","-","-","-","-","-","-","-","-","-","-","-","-","-","-","-","-","-","-","-","-","-","-","-","-","-","-","-","-","-","-","-","-","-","-","-","-","-","-","-","-","-","-","-","-","-","-","-","-","-","-","-","-","-","-","-","-","06/30/06","","","","","","09/08/11","11/09/12","","","","11/09/12","03/06/13","05/23/13","08/21/13","11/21/13","05/14/14","05/29/14","08/28/14","11/26/14","02/26/15","05/28/15","08/27/15","11/26/15","03/15/16","05/27/16","08/26/16","11/25/16","03/15/17","05/25/17","08/30/17","11/30/17","03/14/18","05/28/18"
"Restated Filing Date","-","-","-","-","-","-","-","-","-","-","-","-","-","-","-","-","-","06/30/06","06/30/07","06/30/08","06/30/09","06/30/10","09/08/11","03/07/12","05/14/14","02/26/15","03/15/16","03/15/17","03/14/18","03/14/18","","","-","-","-","-","-","-","-","-","-","-","-","-","-","-","-","-","-","-","-","-","-","-","-","-","-","-","-","-","-","-","-","-","-","-","-","-","-","-","-","-","-","-","-","-","-","-","-","-","-","-","-","-","-","-","-","-","-","-","-","-","-","-","-","-","-","-","-","-","-","-","-","-","-","-","-","-","-","-","-","-","-","-","-","-","-","-","06/30/06","06/30/07","06/30/08","06/30/09","06/30/10","09/08/11","03/07/12","11/09/12","","05/23/13","08/21/13","11/21/13","05/14/14","05/29/14","08/28/14","11/26/14","02/26/15","05/28/15","08/27/15","11/26/15","03/15/16","05/27/16","08/26/16","11/25/16","03/15/17","05/25/17","08/30/17","11/30/17","03/14/18","05/28/18","08/30/17","11/30/17","03/14/18","05/28/18"
"Number of Shareholders","-","-","-","-","-","-","-","-","-","-","-","-","-","-","-","-","-","0.000","0.000","0.000","0.000","0.000","0.000","0.000","0.000","0.000","0.000","0.000","0.000","0.000","0.000","","-","-","-","-","-","-","-","-","-","-","-","-","-","-","-","-","-","-","-","-","-","-","-","-","-","-","-","-","-","-","-","-","-","-","-","-","-","-","-","-","-","-","-","-","-","-","-","-","-","-","-","-","-","-","-","-","-","-","-","-","-","-","-","-","-","-","-","-","-","-","-","-","-","-","-","-","-","-","-","-","-","-","-","-","-","-","0.000","0.000","0.000","0.000","0.000","0.000","0.000","0.000","0.000","0.000","0.000","0.000","0.000","0.000","0.000","0.000","0.000","0.000","0.000","0.000","0.000","0.000","0.000","0.000","0.000","0.000","0.000","0.000","0.000","0.000","0.000","0.000","0.000","0.000"
"Number of Employees","-","-","-","-","-","-","-","-","-","-","-","-","-","-","-","-","-","0.000","0.000","0.000","0.000","0.000","0.000","42,000.000","47,000.000","47,000.000","47,000.000","45,000.000","43,976.000","0.000","0.000","","-","-","-","-","-","-","-","-","-","-","-","-","-","-","-","-","-","-","-","-","-","-","-","-","-","-","-","-","-","-","-","-","-","-","-","-","-","-","-","-","-","-","-","-","-","-","-","-","-","-","-","-","-","-","-","-","-","-","-","-","-","-","-","-","-","-","-","-","-","-","-","-","-","-","-","-","-","-","-","-","-","-","-","-","-","-","0.000","0.000","0.000","0.000","0.000","0.000","42,000.000","0.000","0.000","0.000","0.000","42,000.000","47,000.000","0.000","0.000","0.000","47,000.000","0.000","0.000","0.000","47,000.000","0.000","0.000","0.000","45,000.000","0.000","0.000","0.000","43,976.000","0.000","0.000","0.000","0.000","0.000"
"Insider Shares Owned","","","","","","","","","","","","","","","","","","0.000","0.000","0.000","0.000","0.000","0.000","0.000","0.000","0.000","0.000","0.000","0.000","0.000","","","","","","","","","","","","","","","","","","","","","","","","","","","","","","","","","","","","","","","","","","","","","","","","","","","","","","","","","","","","","","","","","","","","","","","","","","","","","","","","","","","","","","","","","","","","","","","","0.000","0.000","0.000","0.000","0.000","0.000","0.000","0.000","0.000","0.000","0.000","0.000","0.000","0.000","0.000","0.000","0.000","0.000","0.000","0.000","0.000","0.000","0.000","0.000","0.000","0.000","0.000"
"Institution Shares Held","","","","","","","","","","","","","","","","","","0.000","0.000","0.000","0.000","0.000","0.000","0.000","0.000","0.000","0.000","0.000","0.000","0.000","","","","","","","","","","","","","","","","","","","","","","","","","","","","","","","","","","","","","","","","","","","","","","","","","","","","","","","","","","","","","","","","","","","","","","","","","","","","","","","","","","","","","","","","","","","","","","","","0.000","0.000","0.000","0.000","0.000","0.000","0.000","0.000","0.000","0.000","0.000","0.000","0.000","0.000","0.000","0.000","0.000","0.000","0.000","0.000","0.000","0.000","0.000","0.000","0.000","0.000","0.000"
"Insider Ownership %","","","","","","","","","","","","","","","","","","0.000","0.000","0.000","0.000","0.000","0.000","0.000","0.000","0.000","0.000","0.000","0.000","0.000","","","","","","","","","","","","","","","","","","","","","","","","","","","","","","","","","","","","","","","","","","","","","","","","","","","","","","","","","","","","","","","","","","","","","","","","","","","","","","","","","","","","","","","","","","","","","","","","0.000","0.000","0.000","0.000","0.000","0.000","0.000","0.000","0.000","0.000","0.000","0.000","0.000","0.000","0.000","0.000","0.000","0.000","0.000","0.000","0.000","0.000","0.000","0.000","0.000","0.000","0.000"
"Institutional Ownership %","","","","","","","","","","","","","","","","","","0.000","0.000","0.000","0.000","0.000","0.000","0.000","0.000","0.000","0.000","0.000","0.000","0.000","","","","","","","","","","","","","","","","","","","","","","","","","","","","","","","","","","","","","","","","","","","","","","","","","","","","","","","","","","","","","","","","","","","","","","","","","","","","","","","","","","","","","","","","","","","","","","","","0.000","0.000","0.000","0.000","0.000","0.000","0.000","0.000","0.000","0.000","0.000","0.000","0.000","0.000","0.000","0.000","0.000","0.000","0.000","0.000","0.000","0.000","0.000","0.000","0.000","0.000","0.000"
"Price-to-Net-Current-Asset-Value","","","","","","","","","","","","","","","","","","0.000","0.000","0.000","0.000","0.000","0.000","0.000","0.000","0.000","0.000","0.000","0.000","0.000","","","","","","","","","","","","","","","","","","","","","","","","","","","","","","","","","","","","","","","","","","","","","","","","","","","","","","","","","","","","","","","","","","","","","","","","","","","","","","","","","","","","","","","","","","","","","","","","0.000","0.000","0.000","0.000","0.000","0.000","0.000","0.000","0.000","0.000","0.000","0.000","0.000","0.000","0.000","0.000","0.000","0.000","0.000","0.000","0.000","0.000","0.000","0.000","0.000","0.000","0.000"
"Price-to-Net-Net-Working-Capital","","","","","","","","","","","","","","","","","","0.000","0.000","0.000","0.000","0.000","0.000","0.000","0.000","0.000","0.000","0.000","0.000","0.000","","","","","","","","","","","","","","","","","","","","","","","","","","","","","","","","","","","","","","","","","","","","","","","","","","","","","","","","","","","","","","","","","","","","","","","","","","","","","","","","","","","","","","","","","","","","","","","","0.000","0.000","0.000","0.000","0.000","0.000","0.000","0.000","0.000","0.000","0.000","0.000","0.000","0.000","0.000","0.000","0.000","0.000","0.000","0.000","0.000","0.000","0.000","0.000","0.000","0.000","0.000"
"Price-to-Graham-Number","-","-","-","-","-","-","-","-","-","-","-","-","-","-","-","-","-","1.320","1.250","1.260","0.980","2.110","1.190","1.320","1.110","1.140","1.000","0.880","0.860","0.980","0.980","","-","-","-","-","-","-","-","-","-","-","-","-","-","-","-","-","-","-","-","-","-","-","-","-","-","-","-","-","-","-","-","-","-","-","-","-","-","-","-","-","-","-","-","-","-","-","-","-","-","-","-","-","-","-","-","-","-","-","-","-","-","-","-","-","-","-","-","-","-","-","-","-","-","-","-","-","-","-","-","-","-","-","-","-","-","-","0.000","0.000","0.000","0.000","0.490","0.620","0.740","0.000","0.780","0.920","1.110","1.120","1.110","1.100","1.230","1.150","1.140","1.080","1.100","1.130","1.000","0.990","0.970","0.890","0.880","0.960","0.900","0.840","0.860","0.900","0.940","0.930","0.980","1.050"
"Price-to-Intrinsic-Value-DCF (Earnings Based)","","","","","","","","","","","","","","","","","","0.000","0.000","0.000","0.000","0.000","0.000","0.000","0.000","0.000","0.000","0.000","0.000","0.000","","","","","","","","","","","","","","","","","","","","","","","","","","","","","","","","","","","","","","","","","","","","","","","","","","","","","","","","","","","","","","","","","","","","","","","","","","","","","","","","","","","","","","","","","","","","","","","","0.000","0.000","0.000","0.000","0.000","0.000","0.000","0.000","0.000","0.000","0.000","0.000","0.000","0.000","0.000","0.000","0.000","0.000","0.000","0.000","0.000","0.000","0.000","0.000","0.000","0.000","0.000"
"Price-to-Intrinsic-Value-DCF (FCF Based)","","","","","","","","","","","","","","","","","","0.000","0.000","0.000","0.000","0.000","0.000","0.000","0.000","0.000","0.000","0.000","0.000","0.000","","","","","","","","","","","","","","","","","","","","","","","","","","","","","","","","","","","","","","","","","","","","","","","","","","","","","","","","","","","","","","","","","","","","","","","","","","","","","","","","","","","","","","","","","","","","","","","","0.000","0.000","0.000","0.000","0.000","0.000","0.000","0.000","0.000","0.000","0.000","0.000","0.000","0.000","0.000","0.000","0.000","0.000","0.000","0.000","0.000","0.000","0.000","0.000","0.000","0.000","0.000"
"Price-to-Earnings-Power-Value","-","-","-","-","-","-","-","-","-","-","-","-","-","-","-","-","-","0.000","0.000","0.000","0.000","0.000","0.000","0.000","0.000","0.000","2.550","5.090","4.360","6.450","","","-","-","-","-","-","-","-","-","-","-","-","-","-","-","-","-","-","-","-","-","-","-","-","-","-","-","-","-","-","-","-","-","-","-","-","-","-","-","-","-","-","-","-","-","-","-","-","-","-","-","-","-","-","-","-","-","-","-","-","-","-","-","-","-","-","-","-","-","-","-","-","-","-","-","-","-","-","-","-","-","-","-","-","-","-","-","0.000","0.000","0.000","0.000","0.000","0.000","0.000","0.000","0.000","0.000","0.000","0.000","0.000","0.000","0.000","0.000","0.000","0.000","0.000","2.900","2.550","2.030","3.400","6.850","5.090","3.610","2.680","4.810","4.360","15.930","6.130","6.400","6.450","5.490"
"Price-to-Intrinsic-Value-Projected-FCF","-","-","-","-","-","-","-","-","-","-","-","-","-","-","-","-","-","0.000","0.000","0.000","0.000","0.000","1.150","1.270","4.470","0.000","0.000","9.230","7.190","5.630","2.590","","-","-","-","-","-","-","-","-","-","-","-","-","-","-","-","-","-","-","-","-","-","-","-","-","-","-","-","-","-","-","-","-","-","-","-","-","-","-","-","-","-","-","-","-","-","-","-","-","-","-","-","-","-","-","-","-","-","-","-","-","-","-","-","-","-","-","-","-","-","-","-","-","-","-","-","-","-","-","-","-","-","-","-","-","-","-","0.000","0.000","0.000","0.000","0.000","0.000","0.000","0.000","1.600","0.000","0.000","0.000","4.470","0.000","0.000","0.000","0.000","0.000","0.000","0.000","0.000","0.000","0.000","9.410","9.230","9.020","2.430","3.050","7.190","0.000","4.120","5.380","5.630","2.780"
"Price-to-Peter-Lynch-Fair-Value","-","-","-","-","-","-","-","-","-","-","-","-","-","-","-","-","-","0.000","0.000","0.000","0.000","0.000","0.000","0.000","1.600","0.000","0.000","0.000","0.480","0.000","0.000","","-","-","-","-","-","-","-","-","-","-","-","-","-","-","-","-","-","-","-","-","-","-","-","-","-","-","-","-","-","-","-","-","-","-","-","-","-","-","-","-","-","-","-","-","-","-","-","-","-","-","-","-","-","-","-","-","-","-","-","-","-","-","-","-","-","-","-","-","-","-","-","-","-","-","-","-","-","-","-","-","-","-","-","-","-","-","0.000","0.000","0.000","0.000","0.000","0.000","0.000","0.000","0.000","0.000","0.000","0.000","1.600","0.000","0.000","0.000","0.000","0.000","0.000","0.000","0.000","0.000","0.000","0.000","0.000","0.000","0.970","1.100","0.480","1.260","0.000","0.000","0.000","0.000"
"Price-to-Median-PB-Value","-","-","-","-","-","-","-","-","-","-","-","-","-","-","-","-","-","1.550","1.530","1.540","1.130","1.060","1.220","1.350","1.170","1.220","1.020","0.840","0.770","0.920","0.950","","-","-","-","-","-","-","-","-","-","-","-","-","-","-","-","-","-","-","-","-","-","-","-","-","-","-","-","-","-","-","-","-","-","-","-","-","-","-","-","-","-","-","-","-","-","-","-","-","-","-","-","-","-","-","-","-","-","-","-","-","-","-","-","-","-","-","-","-","-","-","-","-","-","-","-","-","-","-","-","-","-","-","-","-","-","-","1.550","1.530","1.540","1.130","1.060","1.220","1.350","0.000","1.210","1.270","1.180","1.210","1.170","1.150","1.290","1.220","1.220","1.130","1.150","1.180","1.020","0.990","0.970","0.890","0.840","0.900","0.800","0.740","0.770","0.820","0.900","0.890","0.920","1.000"
"Price-to-Median-PS-Value","-","-","-","-","-","-","-","-","-","-","-","-","-","-","-","-","-","0.840","0.750","0.780","0.000","0.000","0.000","0.000","0.990","1.060","1.030","0.900","0.850","1.030","1.050","","-","-","-","-","-","-","-","-","-","-","-","-","-","-","-","-","-","-","-","-","-","-","-","-","-","-","-","-","-","-","-","-","-","-","-","-","-","-","-","-","-","-","-","-","-","-","-","-","-","-","-","-","-","-","-","-","-","-","-","-","-","-","-","-","-","-","-","-","-","-","-","-","-","-","-","-","-","-","-","-","-","-","-","-","-","-","0.000","0.000","0.000","0.000","0.000","0.000","0.000","4.210","1.870","1.240","0.910","0.900","0.990","1.040","1.150","1.080","1.060","1.040","1.080","1.120","1.030","1.020","0.980","0.890","0.900","0.970","0.880","0.830","0.850","0.930","1.000","0.970","1.030","1.130"
"Price-to-Net-Cash","","","","","","","","","","","","","","","","","","0.000","0.000","0.000","0.000","0.000","0.000","0.000","0.000","0.000","0.000","0.000","0.000","0.000","","","","","","","","","","","","","","","","","","","","","","","","","","","","","","","","","","","","","","","","","","","","","","","","","","","","","","","","","","","","","","","","","","","","","","","","","","","","","","","","","","","","","","","","","","","","","","","","0.000","0.000","0.000","0.000","0.000","0.000","0.000","0.000","0.000","0.000","0.000","0.000","0.000","0.000","0.000","0.000","0.000","0.000","0.000","0.000","0.000","0.000","0.000","0.000","0.000","0.000","0.000"
