Downloaded from http://www.GuruFocus.com on 2018-06-7 at 22:26(CST), Thursday
Filename: XKLS:1066.csv
Change log: For latest financial page display change  please click GuruFocus 30-Y Financials Page Item Changes.  Jan. 4  2017: Add 'Dividend Yield %' under 'Shiller PE Ratio' in 'Valuation Ratios' section.   Sep. 26  2016: Add 'Scaled Net Operating Assets' under 'Beneish M-Score' in 'Valuation and Quality' section.   Aug. 10  2016: Change 'LT Debt to Total Asset' to 'Total Debt to Total Asset'.   Jul. 29  2016: Add 'Effective Interest Rate on Debt %' below 'Weighted Average Cost Of Capital (WACC) %'.   Jul. 18  2016: Change 'Long-Term Debt' name to 'Long-Term Debt & Capital Lease Obligation'. Add 'Long-Term Debt' above 'Long-Term Debt & Capital Lease Obligation'. Move 'Capital Lease Obligation' in between 'Long-Term Debt' and 'Long-Term Debt & Capital Lease Obligation'.  May. 19  2016: Change 'Gross Margin %' to 'Net Interest Margin (Bank Only) %' for banks and insuance companies.   May. 13  2016: Add 'Current Ratio' below 'Sloan Ratio'. Add 'Quick Ratio' below 'Current Ratio'. Add 'Gross Profit to Total Asset' below 'LT Debt to Total Asset'.  Apr. 15  2016: Add 'Owner Earnings per Share (ttm)' below 'eps without NRI'. Add 'Price to Owner Earnings (ttm)' below 'PE Ratio (ttm)'.   Feb 12  2016: Change 'Filing Date' name to 'Restated Filing Date'. Add new 'Filing Date' above 'Restated Filing Date'. Remove 'Cumulative Effect Of Accounting Change' from Cashflow Statement (under Net Income).   Jan 28  2016: Add 'Total Debt per share' below 'Tangible Book per share'.   Jan 20  2016: Add 'Price-to-Operating-Cash-Flow ratio' below 'Price-to-Free-Cash-Flow ratio'.   Jan 18  2016: Add 'Net-Net Working Capital (per share)' below 'Net Current Asset Value (per share)'.  

XKLS:1066,RHB Bank Bhd,Malaysia,Financial Services,Banks,Banks - Regional - AsiaBanks - Regional - Asia
Key Statistics:
"Price","5.73"
"Market Cap (Million)","22496.356"
"Shares Outstanding (Million)","4010.05"
"PE Ratio","11.00"
"PB Ratio","1.01"
"PS Ratio","3.44"

Growth Rates:
"Annual Rates (per share)","10 yrs","5 yrs","12 months"
"Revenue Growth (%)","-0.40","-9.10","0.00"
"EBITDA  Growth (%)","0.00","0.00","0.00"
"Free Cash Flow Growth (%)","0.00","0.00","-713.90"
"Book Value Growth (%)","7.00","7.00","6.50"

30 Year Financials of XKLS:1066 - RHB Bank Bhd

All Numbers are in Millions except per share data and ratios; All shares outstanding data and per share data are split adjusted

Annual Data:,,,,,,,,,,,,,,,,,,,,,,,,,,,,,,,,,Quarterly Data:
"Fiscal Period","198812","198912","199012","199112","199212","199312","199412","199512","199612","199712","199812","199912","200012","200112","200212","200312","200412","200512","200612","200712","200812","200912","201012","201112","201212","201312","201412","201512","201612","201712","TTM/current",",","198312","198403","198406","198409","198412","198503","198506","198509","198512","198603","198606","198609","198612","198703","198706","198709","198712","198803","198806","198809","198812","198903","198906","198909","198912","199003","199006","199009","199012","199103","199106","199109","199112","199203","199206","199209","199212","199303","199306","199309","199312","199403","199406","199409","199412","199503","199506","199509","199512","199603","199606","199609","199612","199703","199706","199709","199712","199803","199806","199809","199812","199903","199906","199909","199912","200003","200006","200009","200012","200103","200106","200109","200112","200203","200206","200209","200212","200303","200306","200309","200312","200403","200406","200409","200412","200503","200506","200509","200512","200612","200712","200812","200912","201012","201112","201203","201206","201209","201212","201303","201306","201309","201312","201403","201406","201409","201412","201503","201506","201509","201512","201603","201606","201609","201612","201703","201706","201709","201712","201803"
"Revenue per Share","-","-","-","-","-","-","-","-","-","-","-","-","-","-","-","-","-","1.325","1.560","1.564","1.491","1.348","1.759","1.841","1.997","2.215","2.313","0.905","1.539","1.539","1.632","","-","-","-","-","-","-","-","-","-","-","-","-","-","-","-","-","-","-","-","-","-","-","-","-","-","-","-","-","-","-","-","-","-","-","-","-","-","-","-","-","-","-","-","-","-","-","-","-","-","-","-","-","-","-","-","-","-","-","-","-","-","-","-","-","-","-","-","-","-","-","-","-","-","-","-","-","-","-","-","-","-","-","-","-","-","-","-","-","0.000","0.000","0.000","0.000","0.000","0.000","0.000","0.488","0.493","0.478","0.536","0.511","0.538","0.570","0.596","0.538","0.530","0.597","0.647","0.548","0.218","0.223","0.236","0.457","0.394","0.394","0.369","0.388","0.394","0.395","0.416","0.427"
"EBITDA per Share","-","-","-","-","-","-","-","-","-","-","-","-","-","-","-","-","-","0.000","0.000","0.000","0.000","0.000","0.000","0.000","0.000","0.000","0.000","0.000","0.000","0.000","0.000","","-","-","-","-","-","-","-","-","-","-","-","-","-","-","-","-","-","-","-","-","-","-","-","-","-","-","-","-","-","-","-","-","-","-","-","-","-","-","-","-","-","-","-","-","-","-","-","-","-","-","-","-","-","-","-","-","-","-","-","-","-","-","-","-","-","-","-","-","-","-","-","-","-","-","-","-","-","-","-","-","-","-","-","-","-","-","-","-","0.000","0.000","0.000","0.000","0.000","0.000","0.000","0.000","0.000","0.000","0.000","0.000","0.000","0.000","0.000","0.000","0.000","0.000","0.000","0.000","0.000","0.000","0.000","0.000","0.000","0.000","0.000","0.000","0.000","0.000","0.000","0.000"
"EBIT per Share","-","-","-","-","-","-","-","-","-","-","-","-","-","-","-","-","-","0.000","0.000","0.000","0.000","0.000","0.000","0.000","0.000","0.000","0.000","0.000","0.000","0.000","0.000","","-","-","-","-","-","-","-","-","-","-","-","-","-","-","-","-","-","-","-","-","-","-","-","-","-","-","-","-","-","-","-","-","-","-","-","-","-","-","-","-","-","-","-","-","-","-","-","-","-","-","-","-","-","-","-","-","-","-","-","-","-","-","-","-","-","-","-","-","-","-","-","-","-","-","-","-","-","-","-","-","-","-","-","-","-","-","-","-","0.000","0.000","0.000","0.000","0.000","0.000","0.000","0.000","0.000","0.000","0.000","0.000","0.000","0.000","0.000","0.000","0.000","0.000","0.000","0.000","0.000","0.000","0.000","0.000","0.000","0.000","0.000","0.000","0.000","0.000","0.000","0.000"
"Earnings per Share (Diluted)","-","-","-","-","-","-","-","-","-","-","-","-","-","-","-","-","-","0.162","0.224","0.335","0.455","0.522","0.617","0.725","0.739","0.682","0.745","0.242","0.436","0.486","0.509","","-","-","-","-","-","-","-","-","-","-","-","-","-","-","-","-","-","-","-","-","-","-","-","-","-","-","-","-","-","-","-","-","-","-","-","-","-","-","-","-","-","-","-","-","-","-","-","-","-","-","-","-","-","-","-","-","-","-","-","-","-","-","-","-","-","-","-","-","-","-","-","-","-","-","-","-","-","-","-","-","-","-","-","-","-","-","-","-","270.162","0.224","0.335","0.455","0.522","0.617","0.725","0.185","0.192","0.204","0.158","0.134","0.154","0.208","0.186","0.165","0.205","0.198","0.177","0.173","0.081","0.033","0.052","0.163","0.089","0.126","0.065","0.125","0.125","0.122","0.115","0.147"
"EPS without NRI","-","-","-","-","-","-","-","-","-","-","-","-","-","-","-","-","-","0.162","0.224","0.335","0.455","0.522","0.617","0.725","0.739","0.682","0.745","0.242","0.436","0.486","0.509","","-","-","-","-","-","-","-","-","-","-","-","-","-","-","-","-","-","-","-","-","-","-","-","-","-","-","-","-","-","-","-","-","-","-","-","-","-","-","-","-","-","-","-","-","-","-","-","-","-","-","-","-","-","-","-","-","-","-","-","-","-","-","-","-","-","-","-","-","-","-","-","-","-","-","-","-","-","-","-","-","-","-","-","-","-","-","-","-","270.160","0.220","0.340","0.460","0.520","0.620","0.720","0.185","0.192","0.204","0.158","0.134","0.154","0.208","0.186","0.165","0.205","0.198","0.177","0.173","0.081","0.033","0.052","0.163","0.089","0.126","0.065","0.125","0.125","0.122","0.115","0.147"
"Owner Earnings per Share (TTM)","-","-","-","-","-","-","-","-","-","-","-","-","-","-","-","-","-","0.000","0.000","0.000","0.000","0.000","0.000","0.000","0.000","0.000","0.000","0.361","0.436","-0.649","0.881","","-","-","-","-","-","-","-","-","-","-","-","-","-","-","-","-","-","-","-","-","-","-","-","-","-","-","-","-","-","-","-","-","-","-","-","-","-","-","-","-","-","-","-","-","-","-","-","-","-","-","-","-","-","-","-","-","-","-","-","-","-","-","-","-","-","-","-","-","-","-","-","-","-","-","-","-","-","-","-","-","-","-","-","-","-","-","-","-","0.000","0.000","0.000","0.000","0.000","0.000","0.000","0.000","0.000","0.000","0.000","0.000","0.000","0.000","0.000","0.000","0.000","0.000","0.000","1.136","0.051","0.109","0.361","-0.694","0.581","0.667","0.436","0.830","0.673","1.077","-0.649","0.881"
"Free Cash Flow per Share","-","-","-","-","-","-","-","-","-","-","-","-","-","-","-","-","-","-1.683","0.982","1.655","-1.476","1.506","0.122","2.247","1.932","-3.248","0.830","0.084","0.144","-0.884","0.476","","-","-","-","-","-","-","-","-","-","-","-","-","-","-","-","-","-","-","-","-","-","-","-","-","-","-","-","-","-","-","-","-","-","-","-","-","-","-","-","-","-","-","-","-","-","-","-","-","-","-","-","-","-","-","-","-","-","-","-","-","-","-","-","-","-","-","-","-","-","-","-","-","-","-","-","-","-","-","-","-","-","-","-","-","-","-","-","-","0.000","0.000","0.000","0.000","0.000","0.000","0.000","0.700","-2.468","2.618","1.018","-3.455","-0.643","-0.655","1.462","0.624","0.010","-0.367","0.564","0.383","-0.398","-0.212","0.540","-0.947","0.456","-0.090","0.598","-0.402","0.321","0.242","-1.045","0.958"
"Operating Cash Flow per Share","-","-","-","-","-","-","-","-","-","-","-","-","-","-","-","-","-","-1.646","1.019","1.690","-1.428","1.559","0.184","2.325","1.984","-3.191","0.916","0.119","0.211","-0.813","0.560","","-","-","-","-","-","-","-","-","-","-","-","-","-","-","-","-","-","-","-","-","-","-","-","-","-","-","-","-","-","-","-","-","-","-","-","-","-","-","-","-","-","-","-","-","-","-","-","-","-","-","-","-","-","-","-","-","-","-","-","-","-","-","-","-","-","-","-","-","-","-","-","-","-","-","-","-","-","-","-","-","-","-","-","-","-","-","-","-","0.000","0.000","0.000","0.000","0.000","0.000","0.000","0.714","-2.458","2.627","1.037","-3.444","-0.627","-0.642","1.479","0.638","0.027","-0.347","0.599","0.409","-0.393","-0.206","0.554","-0.932","0.469","-0.074","0.621","-0.388","0.335","0.257","-1.018","0.986"
"Dividends per Share","-","-","-","-","-","-","-","-","-","-","-","-","-","-","-","-","-","0.033","0.019","0.103","0.165","0.146","0.210","0.275","0.219","0.207","0.096","0.056","0.170","0.120","0.120","","-","-","-","-","-","-","-","-","-","-","-","-","-","-","-","-","-","-","-","-","-","-","-","-","-","-","-","-","-","-","-","-","-","-","-","-","-","-","-","-","-","-","-","-","-","-","-","-","-","-","-","-","-","-","-","-","-","-","-","-","-","-","-","-","-","-","-","-","-","-","-","-","-","-","-","-","-","-","-","-","-","-","-","-","-","-","-","-","0.033","0.000","0.000","0.000","0.000","0.210","0.275","0.000","0.163","0.000","0.056","0.000","0.150","0.000","0.056","0.000","0.096","0.000","0.000","0.056","0.000","0.000","0.000","0.000","0.120","0.050","0.000","0.000","0.070","0.050","0.000","0.000"
"Book Value per Share","-","-","-","-","-","-","-","-","-","-","-","-","-","-","-","-","-","2.304","2.527","3.060","3.393","3.781","4.321","4.926","5.667","6.145","6.831","5.746","5.423","5.773","5.575","","-","-","-","-","-","-","-","-","-","-","-","-","-","-","-","-","-","-","-","-","-","-","-","-","-","-","-","-","-","-","-","-","-","-","-","-","-","-","-","-","-","-","-","-","-","-","-","-","-","-","-","-","-","-","-","-","-","-","-","-","-","-","-","-","-","-","-","-","-","-","-","-","-","-","-","-","-","-","-","-","-","-","-","-","-","-","-","-","2.304","2.527","3.060","3.393","3.781","4.321","4.926","5.105","5.198","5.383","5.667","5.818","5.935","6.010","6.145","6.312","6.518","6.658","6.831","7.081","2.897","6.683","5.746","6.781","5.372","5.394","5.423","5.562","5.627","5.744","5.773","5.575"
"Tangible Book per Share","-","-","-","-","-","-","-","-","-","-","-","-","-","-","-","-","-","1.705","1.928","1.634","1.749","2.137","2.621","3.262","3.707","4.222","4.914","4.778","4.662","4.990","4.777","","-","-","-","-","-","-","-","-","-","-","-","-","-","-","-","-","-","-","-","-","-","-","-","-","-","-","-","-","-","-","-","-","-","-","-","-","-","-","-","-","-","-","-","-","-","-","-","-","-","-","-","-","-","-","-","-","-","-","-","-","-","-","-","-","-","-","-","-","-","-","-","-","-","-","-","-","-","-","-","-","-","-","-","-","-","-","-","-","1.705","1.928","1.634","1.749","2.137","2.621","3.262","3.490","3.606","3.791","3.707","3.869","3.981","4.095","4.222","4.391","4.594","4.751","4.914","5.157","2.130","4.955","4.778","5.230","4.609","4.642","4.662","4.798","4.857","4.974","4.990","4.777"
"Total Debt per Share","-","-","-","-","-","-","-","-","-","-","-","-","-","-","-","-","-","3.195","3.038","2.799","2.973","2.635","5.333","5.363","6.215","5.167","5.930","4.713","4.240","2.690","3.260","","-","-","-","-","-","-","-","-","-","-","-","-","-","-","-","-","-","-","-","-","-","-","-","-","-","-","-","-","-","-","-","-","-","-","-","-","-","-","-","-","-","-","-","-","-","-","-","-","-","-","-","-","-","-","-","-","-","-","-","-","-","-","-","-","-","-","-","-","-","-","-","-","-","-","-","-","-","-","-","-","-","-","-","-","-","-","-","-","3.195","3.038","2.799","2.973","2.635","5.333","5.363","1.506","1.424","1.369","6.215","6.305","6.330","6.003","5.167","5.190","5.314","5.953","5.930","6.336","2.450","5.571","4.713","4.630","3.559","3.969","4.240","4.142","3.456","3.171","2.690","3.260"
"Month End Stock Price","-","-","-","-","-","-","-","-","-","-","-","-","-","-","-","-","-","2.070","3.200","5.470","3.650","4.960","8.150","6.990","7.190","7.430","7.120","5.670","4.710","5.000","5.730","","-","-","-","-","-","-","-","-","-","-","-","-","-","-","-","-","-","-","-","-","-","-","-","-","-","-","-","-","-","-","-","-","-","-","-","-","-","-","-","-","-","-","-","-","-","-","-","-","-","-","-","-","-","-","-","-","-","-","-","-","-","-","-","-","-","-","-","-","-","-","-","-","-","-","-","-","-","-","-","-","-","-","-","-","-","-","-","-","2.070","3.200","5.470","3.650","4.960","8.150","6.990","7.200","6.920","6.740","7.190","7.900","8.070","7.070","7.430","7.870","7.990","8.260","7.120","7.410","6.890","5.560","5.670","5.900","5.130","4.650","4.710","5.170","5.060","5.030","5.000","5.230"
"ROE %","-","-","-","-","-","-","-","-","-","-","-","-","-","-","-","-","-","7.030","9.310","11.910","14.110","14.540","15.220","15.650","13.350","11.500","11.470","9.130","8.530","8.690","9.000","","-","-","-","-","-","-","-","-","-","-","-","-","-","-","-","-","-","-","-","-","-","-","-","-","-","-","-","-","-","-","-","-","-","-","-","-","-","-","-","-","-","-","-","-","-","-","-","-","-","-","-","-","-","-","-","-","-","-","-","-","-","-","-","-","-","-","-","-","-","-","-","-","-","-","-","-","-","-","-","-","-","-","-","-","-","-","-","-","0.000","0.000","0.000","0.000","0.000","0.000","0.000","14.730","14.840","15.410","11.660","9.330","10.470","13.890","12.190","10.630","12.740","12.080","10.480","9.950","11.320","4.520","7.610","10.990","6.280","9.450","4.820","9.090","8.930","8.580","7.970","10.390"
"ROE % Adjusted to Book Value","-","-","-","-","-","-","-","-","-","-","-","-","-","-","-","-","-","7.810","7.330","6.650","13.060","11.100","8.050","11.020","10.510","9.500","11.030","9.220","9.800","9.990","8.910","","-","-","-","-","-","-","-","-","-","-","-","-","-","-","-","-","-","-","-","-","-","-","-","-","-","-","-","-","-","-","-","-","-","-","-","-","-","-","-","-","-","-","-","-","-","-","-","-","-","-","-","-","-","-","-","-","-","-","-","-","-","-","-","-","-","-","-","-","-","-","-","-","-","-","-","-","-","-","-","-","-","-","-","-","-","-","-","-","0.000","0.000","0.000","0.000","0.000","0.000","0.000","10.450","11.160","12.330","9.180","6.860","7.700","11.770","10.070","8.500","10.360","9.740","10.080","9.480","4.760","5.450","7.690","12.630","6.610","10.990","5.540","9.770","9.920","9.750","9.160","11.050"
"ROA %","-","-","-","-","-","-","-","-","-","-","-","-","-","-","-","-","-","0.480","0.620","0.790","1.000","1.100","1.170","1.200","1.050","0.960","0.990","0.740","0.720","0.840","0.870","","-","-","-","-","-","-","-","-","-","-","-","-","-","-","-","-","-","-","-","-","-","-","-","-","-","-","-","-","-","-","-","-","-","-","-","-","-","-","-","-","-","-","-","-","-","-","-","-","-","-","-","-","-","-","-","-","-","-","-","-","-","-","-","-","-","-","-","-","-","-","-","-","-","-","-","-","-","-","-","-","-","-","-","-","-","-","-","-","0.000","0.000","0.000","0.000","0.000","0.000","0.000","1.130","1.160","1.190","0.910","0.760","0.890","1.200","1.070","0.930","1.110","1.050","0.910","0.860","1.000","0.410","0.640","1.000","0.620","0.890","0.450","0.850","0.860","0.840","0.790","1.020"
"ROIC %","-","-","-","-","-","-","-","-","-","-","-","-","-","-","-","-","-","0.000","0.000","0.000","0.000","0.000","0.000","0.000","0.000","0.000","0.000","0.000","0.000","0.000","0.000","","-","-","-","-","-","-","-","-","-","-","-","-","-","-","-","-","-","-","-","-","-","-","-","-","-","-","-","-","-","-","-","-","-","-","-","-","-","-","-","-","-","-","-","-","-","-","-","-","-","-","-","-","-","-","-","-","-","-","-","-","-","-","-","-","-","-","-","-","-","-","-","-","-","-","-","-","-","-","-","-","-","-","-","-","-","-","-","-","0.000","0.000","0.000","0.000","0.000","0.000","0.000","0.000","0.000","0.000","0.000","0.000","0.000","0.000","0.000","0.000","0.000","0.000","0.000","0.000","0.000","0.000","0.000","0.000","0.000","0.000","0.000","0.000","0.000","0.000","0.000","0.000"
"WACC %","-","-","-","-","-","-","-","-","-","-","-","-","-","-","-","-","-","0.000","0.000","0.000","0.000","0.000","0.000","0.000","18.320","16.250","14.300","15.910","14.010","14.030","14.780","","-","-","-","-","-","-","-","-","-","-","-","-","-","-","-","-","-","-","-","-","-","-","-","-","-","-","-","-","-","-","-","-","-","-","-","-","-","-","-","-","-","-","-","-","-","-","-","-","-","-","-","-","-","-","-","-","-","-","-","-","-","-","-","-","-","-","-","-","-","-","-","-","-","-","-","-","-","-","-","-","-","-","-","-","-","-","-","-","0.000","0.000","0.000","0.000","0.000","0.000","0.000","10.530","14.230","17.950","18.320","17.000","16.660","16.850","16.250","14.940","14.490","13.340","14.300","14.030","11.990","15.390","15.910","15.830","14.450","14.490","14.010","13.750","14.010","14.290","14.030","0.000"
"Effective Interest Rate on Debt %","-","-","-","-","-","-","-","-","-","-","-","-","-","-","-","-","-","30.260","40.570","44.760","38.460","27.260","22.870","22.280","21.850","23.660","27.500","29.880","27.810","30.110","30.800","","-","-","-","-","-","-","-","-","-","-","-","-","-","-","-","-","-","-","-","-","-","-","-","-","-","-","-","-","-","-","-","-","-","-","-","-","-","-","-","-","-","-","-","-","-","-","-","-","-","-","-","-","-","-","-","-","-","-","-","-","-","-","-","-","-","-","-","-","-","-","-","-","-","-","-","-","-","-","-","-","-","-","-","-","-","-","-","-","0.000","0.000","0.000","0.000","0.000","0.000","0.000","37.150","87.830","97.720","34.730","21.670","21.490","22.210","23.500","26.540","28.180","27.910","28.350","28.240","26.520","26.180","29.430","29.580","29.240","28.690","26.230","25.280","27.610","31.170","35.210","33.820"
"Net Interest Margin (Bank Only) %","-","-","-","-","-","-","-","-","-","-","-","-","-","-","-","-","-","3.360","3.820","3.890","3.850","3.780","4.130","4.180","3.640","3.510","3.010","2.710","2.570","2.530","2.590","","-","-","-","-","-","-","-","-","-","-","-","-","-","-","-","-","-","-","-","-","-","-","-","-","-","-","-","-","-","-","-","-","-","-","-","-","-","-","-","-","-","-","-","-","-","-","-","-","-","-","-","-","-","-","-","-","-","-","-","-","-","-","-","-","-","-","-","-","-","-","-","-","-","-","-","-","-","-","-","-","-","-","-","-","-","-","-","-","0.000","0.000","0.000","0.000","0.000","0.000","0.000","3.390","3.000","2.890","3.210","3.490","3.490","3.470","3.540","3.280","3.150","3.040","2.770","2.640","2.650","2.780","2.730","2.730","2.590","2.520","2.520","2.490","2.580","2.580","2.550","2.640"
"Operating Margin %","-","-","-","-","-","-","-","-","-","-","-","-","-","-","-","-","-","0.000","0.000","0.000","0.000","0.000","0.000","0.000","0.000","0.000","0.000","0.000","0.000","0.000","0.000","","-","-","-","-","-","-","-","-","-","-","-","-","-","-","-","-","-","-","-","-","-","-","-","-","-","-","-","-","-","-","-","-","-","-","-","-","-","-","-","-","-","-","-","-","-","-","-","-","-","-","-","-","-","-","-","-","-","-","-","-","-","-","-","-","-","-","-","-","-","-","-","-","-","-","-","-","-","-","-","-","-","-","-","-","-","-","-","-","0.000","0.000","0.000","0.000","0.000","0.000","0.000","0.000","0.000","0.000","0.000","0.000","0.000","0.000","0.000","0.000","0.000","0.000","0.000","0.000","0.000","0.000","0.000","0.000","0.000","0.000","0.000","0.000","0.000","0.000","0.000","0.000"
"Net Margin %","-","-","-","-","-","-","-","-","-","-","-","-","-","-","-","-","-","16.740","19.590","24.720","30.560","38.940","35.270","39.350","37.000","30.780","32.200","26.760","28.340","31.600","31.190","","-","-","-","-","-","-","-","-","-","-","-","-","-","-","-","-","-","-","-","-","-","-","-","-","-","-","-","-","-","-","-","-","-","-","-","-","-","-","-","-","-","-","-","-","-","-","-","-","-","-","-","-","-","-","-","-","-","-","-","-","-","-","-","-","-","-","-","-","-","-","-","-","-","-","-","-","-","-","-","-","-","-","-","-","-","-","-","-","0.000","0.000","0.000","0.000","0.000","0.000","0.000","37.860","38.920","42.650","29.880","26.220","28.620","36.410","31.190","30.740","38.510","33.240","27.330","31.570","37.070","14.830","22.280","35.740","22.580","32.010","17.660","32.160","31.720","30.850","27.590","34.520"
"FCF Margin %","-","-","-","-","-","-","-","-","-","-","-","-","-","-","-","-","-","-127.040","62.980","105.820","-98.940","111.750","6.960","122.050","96.740","-146.650","35.860","9.250","9.360","-57.420","29.210","","-","-","-","-","-","-","-","-","-","-","-","-","-","-","-","-","-","-","-","-","-","-","-","-","-","-","-","-","-","-","-","-","-","-","-","-","-","-","-","-","-","-","-","-","-","-","-","-","-","-","-","-","-","-","-","-","-","-","-","-","-","-","-","-","-","-","-","-","-","-","-","-","-","-","-","-","-","-","-","-","-","-","-","-","-","-","-","-","0.000","0.000","0.000","0.000","0.000","0.000","0.000","143.420","-500.580","547.770","189.980","-676.530","-119.580","-114.990","245.480","115.900","1.850","-61.490","87.180","69.840","-182.490","-94.830","229.370","-207.260","115.740","-22.980","162.170","-103.610","81.600","61.370","-251.400","224.520"
"Debt-to-Equity","-","-","-","-","-","-","-","-","-","-","-","-","-","-","-","-","-","1.387","1.202","0.914","0.876","0.697","1.234","1.089","1.097","0.841","0.868","0.820","0.782","0.466","0.585","","-","-","-","-","-","-","-","-","-","-","-","-","-","-","-","-","-","-","-","-","-","-","-","-","-","-","-","-","-","-","-","-","-","-","-","-","-","-","-","-","-","-","-","-","-","-","-","-","-","-","-","-","-","-","-","-","-","-","-","-","-","-","-","-","-","-","-","-","-","-","-","-","-","-","-","-","-","-","-","-","-","-","-","-","-","-","-","-","1.387","1.202","0.914","0.876","0.697","1.234","1.089","0.295","0.274","0.254","1.097","1.084","1.067","0.999","0.841","0.822","0.815","0.894","0.868","0.895","0.846","0.834","0.820","0.683","0.662","0.736","0.782","0.745","0.614","0.552","0.466","0.585"
"Equity-to-Asset","-","-","-","-","-","-","-","-","-","-","-","-","-","-","-","-","-","0.050","0.048","0.067","0.075","0.076","0.077","0.076","0.080","0.088","0.086","0.078","0.092","0.101","0.095","","-","-","-","-","-","-","-","-","-","-","-","-","-","-","-","-","-","-","-","-","-","-","-","-","-","-","-","-","-","-","-","-","-","-","-","-","-","-","-","-","-","-","-","-","-","-","-","-","-","-","-","-","-","-","-","-","-","-","-","-","-","-","-","-","-","-","-","-","-","-","-","-","-","-","-","-","-","-","-","-","-","-","-","-","-","-","-","-","0.000","0.000","0.000","0.000","0.000","0.000","0.000","0.078","0.078","0.076","0.080","0.084","0.085","0.087","0.088","0.087","0.086","0.087","0.086","0.087","0.090","0.090","0.078","0.104","0.093","0.094","0.092","0.096","0.097","0.098","0.101","0.095"
"Debt-to-Asset","-","-","-","-","-","-","-","-","-","-","-","-","-","-","-","-","-","0.069","0.057","0.061","0.065","0.053","0.095","0.083","0.088","0.074","0.074","0.064","0.072","0.047","0.056","","-","-","-","-","-","-","-","-","-","-","-","-","-","-","-","-","-","-","-","-","-","-","-","-","-","-","-","-","-","-","-","-","-","-","-","-","-","-","-","-","-","-","-","-","-","-","-","-","-","-","-","-","-","-","-","-","-","-","-","-","-","-","-","-","-","-","-","-","-","-","-","-","-","-","-","-","-","-","-","-","-","-","-","-","-","-","-","-","0.000","0.000","0.000","0.000","0.000","0.000","0.000","0.023","0.021","0.019","0.088","0.091","0.091","0.087","0.074","0.072","0.070","0.078","0.074","0.077","0.076","0.075","0.064","0.071","0.062","0.069","0.072","0.071","0.059","0.054","0.047","0.056"
"Asset Turnover","-","-","-","-","-","-","-","-","-","-","-","-","-","-","-","-","-","0.029","0.031","0.032","0.033","0.028","0.033","0.030","0.028","0.031","0.031","0.028","0.026","0.026","0.030","","-","-","-","-","-","-","-","-","-","-","-","-","-","-","-","-","-","-","-","-","-","-","-","-","-","-","-","-","-","-","-","-","-","-","-","-","-","-","-","-","-","-","-","-","-","-","-","-","-","-","-","-","-","-","-","-","-","-","-","-","-","-","-","-","-","-","-","-","-","-","-","-","-","-","-","-","-","-","-","-","-","-","-","-","-","-","-","-","0.000","0.000","0.000","0.000","0.000","0.000","0.000","0.007","0.007","0.007","0.008","0.007","0.008","0.008","0.009","0.008","0.007","0.008","0.008","0.007","0.007","0.007","0.007","0.007","0.007","0.007","0.006","0.007","0.007","0.007","0.007","0.007"
"Dividend Payout Ratio","-","-","-","-","-","-","-","-","-","-","-","-","-","-","-","-","-","0.204","0.085","0.307","0.363","0.280","0.340","0.379","0.296","0.304","0.129","0.231","0.390","0.247","0.240","","-","-","-","-","-","-","-","-","-","-","-","-","-","-","-","-","-","-","-","-","-","-","-","-","-","-","-","-","-","-","-","-","-","-","-","-","-","-","-","-","-","-","-","-","-","-","-","-","-","-","-","-","-","-","-","-","-","-","-","-","-","-","-","-","-","-","-","-","-","-","-","-","-","-","-","-","-","-","-","-","-","-","-","-","-","-","-","-","0.000","0.000","0.000","0.000","0.000","0.339","0.382","0.000","0.849","0.000","0.354","0.000","0.974","0.000","0.301","0.000","0.468","0.000","0.000","0.324","0.000","0.000","0.000","0.000","1.348","0.397","0.000","0.000","0.560","0.410","0.000","0.000"
"  Interest Income","-","-","-","-","-","-","-","-","-","-","-","-","-","-","-","-","-","3,511.124","4,410.723","4,867.321","4,772.060","4,173.684","4,772.001","5,630.183","6,153.232","6,900.918","7,469.699","8,009.603","7,832.315","7,705.830","7,729.617","","-","-","-","-","-","-","-","-","-","-","-","-","-","-","-","-","-","-","-","-","-","-","-","-","-","-","-","-","-","-","-","-","-","-","-","-","-","-","-","-","-","-","-","-","-","-","-","-","-","-","-","-","-","-","-","-","-","-","-","-","-","-","-","-","-","-","-","-","-","-","-","-","-","-","-","-","-","-","-","-","-","-","-","-","-","-","-","-","0.000","0.000","0.000","0.000","0.000","0.000","0.000","1,461.153","1,495.523","1,560.595","1,635.961","1,683.405","1,708.062","1,750.657","1,758.796","1,758.114","1,835.390","1,912.123","1,964.072","1,990.926","1,950.957","1,991.685","2,054.014","2,019.634","1,950.637","1,922.098","1,939.946","1,913.770","1,937.422","1,927.814","1,926.824","1,937.557"
"  Interest Expense","-","-","-","-","-","-","-","-","-","-","-","-","-","-","-","-","-","-1,884.871","-2,465.314","-2,768.412","-2,555.717","-1,760.450","-2,098.777","-2,776.995","-3,193.134","-3,626.432","-4,178.367","-4,602.007","-4,378.846","-4,184.023","-4,130.458","","-","-","-","-","-","-","-","-","-","-","-","-","-","-","-","-","-","-","-","-","-","-","-","-","-","-","-","-","-","-","-","-","-","-","-","-","-","-","-","-","-","-","-","-","-","-","-","-","-","-","-","-","-","-","-","-","-","-","-","-","-","-","-","-","-","-","-","-","-","-","-","-","-","-","-","-","-","-","-","-","-","-","-","-","-","-","-","-","0.000","0.000","0.000","0.000","0.000","0.000","0.000","-752.165","-763.580","-815.682","-861.707","-904.575","-905.447","-922.657","-893.753","-935.930","-1,007.663","-1,076.255","-1,158.519","-1,191.147","-1,139.662","-1,115.155","-1,163.286","-1,128.150","-1,097.938","-1,073.412","-1,079.346","-1,062.176","-1,051.731","-1,035.486","-1,034.630","-1,008.611"
"Net Interest Income","-","-","-","-","-","-","-","-","-","-","-","-","-","-","-","-","-","1,626.253","1,945.409","2,098.909","2,216.343","2,413.234","2,673.224","2,853.188","2,960.098","3,274.486","3,291.332","3,407.596","3,453.469","3,521.807","3,599.159","","-","-","-","-","-","-","-","-","-","-","-","-","-","-","-","-","-","-","-","-","-","-","-","-","-","-","-","-","-","-","-","-","-","-","-","-","-","-","-","-","-","-","-","-","-","-","-","-","-","-","-","-","-","-","-","-","-","-","-","-","-","-","-","-","-","-","-","-","-","-","-","-","-","-","-","-","-","-","-","-","-","-","-","-","-","-","-","-","0.000","0.000","0.000","0.000","0.000","0.000","0.000","708.988","731.943","744.913","774.254","778.830","802.615","828.000","865.043","822.184","827.727","835.868","805.553","799.779","811.295","876.530","890.728","891.484","852.699","848.686","860.600","851.594","885.691","892.328","892.194","928.946"
"Non Interest Income","-","-","-","-","-","-","-","-","-","-","-","-","-","-","-","-","-","957.759","1,096.067","1,227.207","1,218.347","690.512","1,377.069","1,436.587","1,864.160","2,675.011","3,037.284","2,814.169","2,479.475","2,648.880","2,943.704","","-","-","-","-","-","-","-","-","-","-","-","-","-","-","-","-","-","-","-","-","-","-","-","-","-","-","-","-","-","-","-","-","-","-","-","-","-","-","-","-","-","-","-","-","-","-","-","-","-","-","-","-","-","-","-","-","-","-","-","-","-","-","-","-","-","-","-","-","-","-","-","-","-","-","-","-","-","-","-","-","-","-","-","-","-","-","-","-","0.000","0.000","0.000","0.000","0.000","0.000","0.000","441.453","434.023","397.954","590.730","583.387","631.299","707.574","752.741","644.095","617.199","802.586","973.404","708.923","696.918","669.064","739.915","688.914","697.871","729.819","618.598","703.793","693.542","692.104","775.447","782.611"
"Revenue","-","-","-","-","-","-","-","-","-","-","-","-","-","-","-","-","-","2,584.012","3,041.476","3,326.116","3,434.690","3,103.746","4,050.293","4,289.775","4,824.258","5,949.497","6,328.616","6,221.765","5,932.944","6,170.687","6,542.863","","-","-","-","-","-","-","-","-","-","-","-","-","-","-","-","-","-","-","-","-","-","-","-","-","-","-","-","-","-","-","-","-","-","-","-","-","-","-","-","-","-","-","-","-","-","-","-","-","-","-","-","-","-","-","-","-","-","-","-","-","-","-","-","-","-","-","-","-","-","-","-","-","-","-","-","-","-","-","-","-","-","-","-","-","-","-","-","-","0.000","0.000","0.000","0.000","0.000","0.000","0.000","1,150.441","1,165.966","1,142.867","1,364.984","1,362.217","1,433.914","1,535.574","1,617.784","1,466.279","1,444.926","1,638.454","1,778.957","1,508.702","1,508.213","1,545.594","1,630.643","1,580.398","1,550.570","1,578.505","1,479.198","1,555.387","1,579.233","1,584.432","1,667.641","1,711.557"
"Credit Losses Provision","-","-","-","-","-","-","-","-","-","-","-","-","-","-","-","-","-","0.000","0.000","0.000","0.000","0.000","0.000","0.000","0.000","0.000","0.000","0.000","0.000","0.000","0.000","","-","-","-","-","-","-","-","-","-","-","-","-","-","-","-","-","-","-","-","-","-","-","-","-","-","-","-","-","-","-","-","-","-","-","-","-","-","-","-","-","-","-","-","-","-","-","-","-","-","-","-","-","-","-","-","-","-","-","-","-","-","-","-","-","-","-","-","-","-","-","-","-","-","-","-","-","-","-","-","-","-","-","-","-","-","-","-","-","0.000","0.000","0.000","0.000","0.000","0.000","0.000","0.000","0.000","0.000","0.000","0.000","0.000","0.000","0.000","0.000","0.000","0.000","0.000","0.000","0.000","0.000","0.000","0.000","0.000","0.000","0.000","0.000","0.000","0.000","0.000","0.000"
"Selling, General, & Admin. Expense","-","-","-","-","-","-","-","-","-","-","-","-","-","-","-","-","-","323.494","317.988","374.341","0.000","0.000","0.000","514.175","672.414","923.429","966.687","853.462","890.526","922.587","944.816","","-","-","-","-","-","-","-","-","-","-","-","-","-","-","-","-","-","-","-","-","-","-","-","-","-","-","-","-","-","-","-","-","-","-","-","-","-","-","-","-","-","-","-","-","-","-","-","-","-","-","-","-","-","-","-","-","-","-","-","-","-","-","-","-","-","-","-","-","-","-","-","-","-","-","-","-","-","-","-","-","-","-","-","-","-","-","-","-","0.000","0.000","0.000","0.000","0.000","0.000","0.000","133.738","154.376","144.853","239.447","206.913","228.744","225.002","262.770","205.913","209.147","244.464","307.163","206.592","229.035","245.767","176.729","206.455","215.827","221.842","246.402","204.159","237.747","227.810","252.871","226.388"
"  SpecialCharges","-","-","-","-","-","-","-","-","-","-","-","-","-","-","-","-","-","378.393","348.501","374.960","0.000","0.000","512.160","-5.710","-0.452","10.922","-22.175","19.028","37.751","9.970","176.175","","-","-","-","-","-","-","-","-","-","-","-","-","-","-","-","-","-","-","-","-","-","-","-","-","-","-","-","-","-","-","-","-","-","-","-","-","-","-","-","-","-","-","-","-","-","-","-","-","-","-","-","-","-","-","-","-","-","-","-","-","-","-","-","-","-","-","-","-","-","-","-","-","-","-","-","-","-","-","-","-","-","-","-","-","-","-","-","-","0.000","0.000","0.000","0.000","0.000","0.000","0.000","5.003","-4.522","6.384","-7.318","-1.952","-16.612","3.069","26.420","-14.520","-109.133","-5.394","106.872","-7.092","-8.980","-39.575","74.675","2.404","253.222","-7.146","44.998","2.934","119.392","0.023","103.747","-46.987"
"Other Noninterest Expense","-","-","-","-","-","-","-","-","-","-","-","-","-","-","-","-","-","2,260.518","2,723.488","2,951.775","3,434.690","3,103.746","4,050.293","3,775.600","4,151.844","5,026.068","5,361.929","5,368.303","5,042.418","5,248.100","5,598.047","","-","-","-","-","-","-","-","-","-","-","-","-","-","-","-","-","-","-","-","-","-","-","-","-","-","-","-","-","-","-","-","-","-","-","-","-","-","-","-","-","-","-","-","-","-","-","-","-","-","-","-","-","-","-","-","-","-","-","-","-","-","-","-","-","-","-","-","-","-","-","-","-","-","-","-","-","-","-","-","-","-","-","-","-","-","-","-","-","0.000","0.000","0.000","0.000","0.000","0.000","0.000","1,016.703","1,011.590","998.014","1,125.537","1,155.304","1,205.170","1,310.572","1,355.014","1,260.366","1,235.779","1,393.990","1,471.794","1,302.110","1,279.178","1,299.827","1,453.914","1,373.943","1,334.743","1,356.663","1,232.796","1,351.228","1,341.486","1,356.622","1,414.770","1,485.169"
"Operating Income","-","-","-","-","-","-","-","-","-","-","-","-","-","-","-","-","-","0.000","0.000","0.000","0.000","0.000","0.000","0.000","0.000","0.000","0.000","0.000","0.000","0.000","0.000","","-","-","-","-","-","-","-","-","-","-","-","-","-","-","-","-","-","-","-","-","-","-","-","-","-","-","-","-","-","-","-","-","-","-","-","-","-","-","-","-","-","-","-","-","-","-","-","-","-","-","-","-","-","-","-","-","-","-","-","-","-","-","-","-","-","-","-","-","-","-","-","-","-","-","-","-","-","-","-","-","-","-","-","-","-","-","-","-","0.000","0.000","0.000","0.000","0.000","0.000","0.000","0.000","0.000","0.000","0.000","0.000","0.000","0.000","0.000","0.000","0.000","0.000","0.000","0.000","0.000","0.000","0.000","0.000","0.000","0.000","0.000","0.000","0.000","0.000","0.000","0.000"
"Other Income (Expense)","-","-","-","-","-","-","-","-","-","-","-","-","-","-","-","-","-","578.421","829.849","1,136.913","1,422.449","1,538.420","1,899.289","2,249.878","2,384.623","2,470.767","2,735.053","2,250.584","2,231.841","2,558.132","2,691.769","","-","-","-","-","-","-","-","-","-","-","-","-","-","-","-","-","-","-","-","-","-","-","-","-","-","-","-","-","-","-","-","-","-","-","-","-","-","-","-","-","-","-","-","-","-","-","-","-","-","-","-","-","-","-","-","-","-","-","-","-","-","-","-","-","-","-","-","-","-","-","-","-","-","-","-","-","-","-","-","-","-","-","-","-","-","-","-","-","0.000","0.000","0.000","0.000","0.000","0.000","0.000","580.723","603.234","640.346","560.320","494.285","553.667","739.762","683.055","637.408","739.127","714.932","643.586","644.821","724.906","329.151","518.076","755.472","469.339","662.619","344.411","658.272","653.915","644.066","601.879","791.909"
"  Other Income (Minority Interest)","-","-","-","-","-","-","-","-","-","-","-","-","-","-","-","-","-","116.870","157.587","109.135","1.021","7.243","8.287","-2.119","-5.027","-12.348","-25.464","-3.580","-5.964","-5.895","-4.773","","-","-","-","-","-","-","-","-","-","-","-","-","-","-","-","-","-","-","-","-","-","-","-","-","-","-","-","-","-","-","-","-","-","-","-","-","-","-","-","-","-","-","-","-","-","-","-","-","-","-","-","-","-","-","-","-","-","-","-","-","-","-","-","-","-","-","-","-","-","-","-","-","-","-","-","-","-","-","-","-","-","-","-","-","-","-","-","-","0.000","0.000","0.000","0.000","0.000","0.000","0.000","-0.945","-0.341","-0.576","-3.165","-6.611","-8.837","-5.668","8.768","-2.780","-2.771","-7.134","-12.779","-3.243","-0.441","-0.096","-1.755","-1.755","-3.405","-5.329","4.525","-1.313","-1.200","-1.355","-2.027","-0.191"
"Pre-Tax Income","-","-","-","-","-","-","-","-","-","-","-","-","-","-","-","-","-","578.421","829.849","1,136.913","1,422.449","1,538.420","1,899.289","2,249.878","2,384.623","2,470.767","2,735.053","2,250.584","2,231.841","2,558.132","2,691.769","","-","-","-","-","-","-","-","-","-","-","-","-","-","-","-","-","-","-","-","-","-","-","-","-","-","-","-","-","-","-","-","-","-","-","-","-","-","-","-","-","-","-","-","-","-","-","-","-","-","-","-","-","-","-","-","-","-","-","-","-","-","-","-","-","-","-","-","-","-","-","-","-","-","-","-","-","-","-","-","-","-","-","-","-","-","-","-","-","0.000","0.000","0.000","0.000","0.000","0.000","0.000","580.723","603.234","640.346","560.320","494.285","553.667","739.762","683.055","637.408","739.127","714.932","643.586","644.821","724.906","329.151","518.076","755.472","469.339","662.619","344.411","658.272","653.915","644.066","601.879","791.909"
"Tax Provision","-","-","-","-","-","-","-","-","-","-","-","-","-","-","-","-","-","-145.773","-233.952","-314.848","-372.694","-329.814","-470.744","-559.846","-594.854","-627.229","-671.589","-582.032","-544.253","-602.092","-646.308","","-","-","-","-","-","-","-","-","-","-","-","-","-","-","-","-","-","-","-","-","-","-","-","-","-","-","-","-","-","-","-","-","-","-","-","-","-","-","-","-","-","-","-","-","-","-","-","-","-","-","-","-","-","-","-","-","-","-","-","-","-","-","-","-","-","-","-","-","-","-","-","-","-","-","-","-","-","-","-","-","-","-","-","-","-","-","-","-","0.000","0.000","0.000","0.000","0.000","0.000","0.000","-144.227","-149.048","-152.288","-149.291","-130.480","-134.497","-174.946","-187.306","-183.937","-179.848","-163.188","-144.616","-165.301","-165.439","-99.794","-152.947","-188.832","-115.765","-151.963","-87.693","-156.682","-151.752","-153.883","-139.775","-200.898"
"Tax Rate %","-","-","-","-","-","-","-","-","-","-","-","-","-","-","-","-","-","25.200","28.190","27.690","26.200","21.440","24.790","24.880","24.950","25.390","24.550","25.860","24.390","23.540","24.010","","-","-","-","-","-","-","-","-","-","-","-","-","-","-","-","-","-","-","-","-","-","-","-","-","-","-","-","-","-","-","-","-","-","-","-","-","-","-","-","-","-","-","-","-","-","-","-","-","-","-","-","-","-","-","-","-","-","-","-","-","-","-","-","-","-","-","-","-","-","-","-","-","-","-","-","-","-","-","-","-","-","-","-","-","-","-","-","-","0.000","0.000","0.000","0.000","0.000","0.000","0.000","24.840","24.710","23.780","26.640","26.400","24.290","23.650","27.420","28.860","24.330","22.830","22.470","25.640","22.820","30.320","29.520","25.000","24.670","22.930","25.460","23.800","23.210","23.890","23.220","25.370"
"Net Income (Continuing Operations)","-","-","-","-","-","-","-","-","-","-","-","-","-","-","-","-","-","315.778","438.310","712.930","1,048.734","1,201.363","1,420.258","1,690.032","1,789.769","1,843.538","2,063.464","1,668.552","1,687.588","1,956.040","2,045.461","","-","-","-","-","-","-","-","-","-","-","-","-","-","-","-","-","-","-","-","-","-","-","-","-","-","-","-","-","-","-","-","-","-","-","-","-","-","-","-","-","-","-","-","-","-","-","-","-","-","-","-","-","-","-","-","-","-","-","-","-","-","-","-","-","-","-","-","-","-","-","-","-","-","-","-","-","-","-","-","-","-","-","-","-","-","-","-","-","0.000","0.000","0.000","0.000","0.000","0.000","0.000","436.496","454.186","488.058","411.029","363.805","419.170","564.816","495.749","453.471","559.279","551.744","498.970","479.520","559.467","229.357","365.129","566.640","353.574","510.656","256.718","501.590","502.163","490.183","462.104","591.011"
"Net Income (Discontinued Operations)","-","-","-","-","-","-","-","-","-","-","-","-","-","-","-","-","-","0.000","0.000","0.000","0.000","0.000","0.000","0.000","0.000","0.000","0.000","0.000","0.000","0.000","0.000","","-","-","-","-","-","-","-","-","-","-","-","-","-","-","-","-","-","-","-","-","-","-","-","-","-","-","-","-","-","-","-","-","-","-","-","-","-","-","-","-","-","-","-","-","-","-","-","-","-","-","-","-","-","-","-","-","-","-","-","-","-","-","-","-","-","-","-","-","-","-","-","-","-","-","-","-","-","-","-","-","-","-","-","-","-","-","-","-","0.000","0.000","0.000","0.000","0.000","0.000","0.000","0.000","0.000","0.000","0.000","0.000","0.000","0.000","0.000","0.000","0.000","0.000","0.000","0.000","0.000","0.000","0.000","0.000","0.000","0.000","0.000","0.000","0.000","0.000","0.000","0.000"
"Net Income","-","-","-","-","-","-","-","-","-","-","-","-","-","-","-","-","-","432.648","595.897","822.065","1,049.755","1,208.606","1,428.545","1,687.913","1,784.742","1,831.190","2,038.000","1,664.972","1,681.624","1,950.145","2,040.688","","-","-","-","-","-","-","-","-","-","-","-","-","-","-","-","-","-","-","-","-","-","-","-","-","-","-","-","-","-","-","-","-","-","-","-","-","-","-","-","-","-","-","-","-","-","-","-","-","-","-","-","-","-","-","-","-","-","-","-","-","-","-","-","-","-","-","-","-","-","-","-","-","-","-","-","-","-","-","-","-","-","-","-","-","-","-","-","-","0.000","0.000","0.000","0.000","0.000","0.000","0.000","435.551","453.845","487.482","407.864","357.194","410.333","559.148","504.517","450.691","556.508","544.610","486.191","476.277","559.026","229.261","363.374","564.885","350.169","505.327","261.243","500.277","500.963","488.828","460.077","590.820"
"Preferred Dividends","-","-","-","-","-","-","-","-","-","-","-","-","-","-","-","-","-","0.000","0.000","0.000","0.000","0.000","0.000","0.000","0.000","0.000","0.000","0.000","0.000","0.000","0.000","","-","-","-","-","-","-","-","-","-","-","-","-","-","-","-","-","-","-","-","-","-","-","-","-","-","-","-","-","-","-","-","-","-","-","-","-","-","-","-","-","-","-","-","-","-","-","-","-","-","-","-","-","-","-","-","-","-","-","-","-","-","-","-","-","-","-","-","-","-","-","-","-","-","-","-","-","-","-","-","-","-","-","-","-","-","-","-","-","0.000","0.000","0.000","0.000","0.000","0.000","0.000","0.000","0.000","0.000","0.000","0.000","0.000","0.000","0.000","0.000","0.000","0.000","0.000","0.000","0.000","0.000","0.000","0.000","0.000","0.000","0.000","0.000","0.000","0.000","0.000","0.000"
"EPS (Basic)","-","-","-","-","-","-","-","-","-","-","-","-","-","-","-","-","-","0.162","0.224","0.335","0.455","0.522","0.617","0.725","0.739","0.682","0.745","0.242","0.436","0.486","0.509","","-","-","-","-","-","-","-","-","-","-","-","-","-","-","-","-","-","-","-","-","-","-","-","-","-","-","-","-","-","-","-","-","-","-","-","-","-","-","-","-","-","-","-","-","-","-","-","-","-","-","-","-","-","-","-","-","-","-","-","-","-","-","-","-","-","-","-","-","-","-","-","-","-","-","-","-","-","-","-","-","-","-","-","-","-","-","-","-","270.162","0.224","0.335","0.455","0.522","0.617","0.725","0.185","0.192","0.204","0.158","0.134","0.154","0.208","0.186","0.165","0.205","0.198","0.177","0.173","0.081","0.033","0.052","0.163","0.089","0.126","0.065","0.125","0.125","0.122","0.115","0.147"
"EPS (Diluted)","-","-","-","-","-","-","-","-","-","-","-","-","-","-","-","-","-","0.162","0.224","0.335","0.455","0.522","0.617","0.725","0.739","0.682","0.745","0.242","0.436","0.486","0.509","","-","-","-","-","-","-","-","-","-","-","-","-","-","-","-","-","-","-","-","-","-","-","-","-","-","-","-","-","-","-","-","-","-","-","-","-","-","-","-","-","-","-","-","-","-","-","-","-","-","-","-","-","-","-","-","-","-","-","-","-","-","-","-","-","-","-","-","-","-","-","-","-","-","-","-","-","-","-","-","-","-","-","-","-","-","-","-","-","270.162","0.224","0.335","0.455","0.522","0.617","0.725","0.185","0.192","0.204","0.158","0.134","0.154","0.208","0.186","0.165","0.205","0.198","0.177","0.173","0.081","0.033","0.052","0.163","0.089","0.126","0.065","0.125","0.125","0.122","0.115","0.147"
"Shares Outstanding (Diluted Average)","-","-","-","-","-","-","-","-","-","-","-","-","-","-","-","-","-","1,950.197","1,950.197","2,127.147","2,303.131","2,303.131","2,303.131","2,329.988","2,415.678","2,686.436","2,736.035","6,873.229","3,855.858","4,010.045","4,010.045","","-","-","-","-","-","-","-","-","-","-","-","-","-","-","-","-","-","-","-","-","-","-","-","-","-","-","-","-","-","-","-","-","-","-","-","-","-","-","-","-","-","-","-","-","-","-","-","-","-","-","-","-","-","-","-","-","-","-","-","-","-","-","-","-","-","-","-","-","-","-","-","-","-","-","-","-","-","-","-","-","-","-","-","-","-","-","-","-","1,950.197","1,950.197","2,127.147","2,303.131","2,303.131","2,303.131","2,329.988","2,358.043","2,364.953","2,391.138","2,548.362","2,667.543","2,667.543","2,693.899","2,716.470","2,723.908","2,723.908","2,744.696","2,751.397","2,751.230","6,916.989","6,921.169","6,921.694","3,460.585","3,939.368","4,010.045","4,010.045","4,010.045","4,010.045","4,010.045","4,010.045","4,010.045"
"Depreciation, Depletion and Amortization","-","-","-","-","-","-","-","-","-","-","-","-","-","-","-","-","-","93.197","85.693","92.167","79.214","84.930","98.951","100.052","128.471","169.608","183.002","192.854","189.000","200.351","205.377","","-","-","-","-","-","-","-","-","-","-","-","-","-","-","-","-","-","-","-","-","-","-","-","-","-","-","-","-","-","-","-","-","-","-","-","-","-","-","-","-","-","-","-","-","-","-","-","-","-","-","-","-","-","-","-","-","-","-","-","-","-","-","-","-","-","-","-","-","-","-","-","-","-","-","-","-","-","-","-","-","-","-","-","-","-","-","-","-","0.000","0.000","0.000","0.000","0.000","0.000","0.000","21.264","34.270","29.053","43.884","38.968","38.839","39.193","52.608","46.796","43.662","46.415","46.129","50.705","46.865","47.838","47.446","46.604","46.050","48.427","47.919","47.944","47.602","50.887","53.918","52.970"
"EBITDA","","","","","","","","","","","","","","","","","","0.000","0.000","0.000","0.000","0.000","0.000","0.000","0.000","0.000","0.000","0.000","0.000","0.000","","","","","","","","","","","","","","","","","","","","","","","","","","","","","","","","","","","","","","","","","","","","","","","","","","","","","","","","","","","","","","","","","","","","","","","","","","","","","","","","","","","","","","","","","","","","","","","","","","0.000","0.000","0.000","0.000","0.000","0.000","0.000","0.000","0.000","0.000","0.000","0.000","0.000","0.000","0.000","0.000","0.000","0.000","0.000","0.000","0.000","0.000","0.000","0.000","0.000"
"Cash and cash equivalents","-","-","-","-","-","-","-","-","-","-","-","-","-","-","-","-","-","13,978.362","16,261.973","22,413.888","14,901.577","18,894.531","16,197.628","24,629.548","31,663.297","17,145.390","24,044.039","19,451.443","20,386.086","15,186.101","22,609.200","","-","-","-","-","-","-","-","-","-","-","-","-","-","-","-","-","-","-","-","-","-","-","-","-","-","-","-","-","-","-","-","-","-","-","-","-","-","-","-","-","-","-","-","-","-","-","-","-","-","-","-","-","-","-","-","-","-","-","-","-","-","-","-","-","-","-","-","-","-","-","-","-","-","-","-","-","-","-","-","-","-","-","-","-","-","-","-","-","13,978.362","16,261.973","22,413.888","14,901.577","18,894.531","16,197.628","24,629.548","25,529.319","22,481.697","29,389.131","31,663.297","24,494.374","18,478.460","18,196.148","17,145.390","19,479.408","21,074.717","21,320.682","24,044.039","24,601.230","23,116.827","18,692.398","19,451.443","19,840.120","19,491.945","20,938.023","20,386.086","21,007.991","20,535.956","23,016.884","15,186.101","22,609.200"
"Money Market Investments","-","-","-","-","-","-","-","-","-","-","-","-","-","-","-","-","-","0.000","0.000","0.000","0.000","0.000","276.407","142.291","676.858","494.511","1,112.087","1,803.966","3,180.936","271.320","188.465","","-","-","-","-","-","-","-","-","-","-","-","-","-","-","-","-","-","-","-","-","-","-","-","-","-","-","-","-","-","-","-","-","-","-","-","-","-","-","-","-","-","-","-","-","-","-","-","-","-","-","-","-","-","-","-","-","-","-","-","-","-","-","-","-","-","-","-","-","-","-","-","-","-","-","-","-","-","-","-","-","-","-","-","-","-","-","-","-","0.000","0.000","0.000","0.000","0.000","276.407","142.291","108.134","170.175","384.514","676.858","510.958","690.265","139.271","494.511","231.942","228.941","512.484","1,112.087","1,401.192","1,465.076","2,074.244","1,803.966","1,336.069","2,536.906","2,892.881","3,180.936","1,682.704","1,077.197","743.292","271.320","188.465"
"Net Loan","-","-","-","-","-","-","-","-","-","-","-","-","-","-","-","-","-","48,358.756","53,392.886","54,554.651","60,596.120","66,923.091","62,300.678","73,798.521","87,854.114","97,553.197","119,228.533","129,755.782","134,338.076","140,704.648","140,268.064","","-","-","-","-","-","-","-","-","-","-","-","-","-","-","-","-","-","-","-","-","-","-","-","-","-","-","-","-","-","-","-","-","-","-","-","-","-","-","-","-","-","-","-","-","-","-","-","-","-","-","-","-","-","-","-","-","-","-","-","-","-","-","-","-","-","-","-","-","-","-","-","-","-","-","-","-","-","-","-","-","-","-","-","-","-","-","-","-","48,358.756","53,392.886","54,554.651","60,596.120","66,923.091","62,300.678","73,798.521","93,168.662","101,607.471","104,309.148","87,854.114","89,671.700","93,095.874","97,113.494","97,553.197","102,246.614","107,555.652","111,453.682","119,228.533","120,471.367","121,863.577","127,216.120","129,755.782","128,594.884","130,970.449","132,562.420","134,338.076","134,825.523","136,636.666","138,211.195","140,704.648","140,268.064"
"Securities & Investments","-","-","-","-","-","-","-","-","-","-","-","-","-","-","-","-","-","0.000","0.000","0.000","0.000","0.000","0.000","0.000","0.000","0.000","0.000","0.000","0.000","0.000","0.000","","-","-","-","-","-","-","-","-","-","-","-","-","-","-","-","-","-","-","-","-","-","-","-","-","-","-","-","-","-","-","-","-","-","-","-","-","-","-","-","-","-","-","-","-","-","-","-","-","-","-","-","-","-","-","-","-","-","-","-","-","-","-","-","-","-","-","-","-","-","-","-","-","-","-","-","-","-","-","-","-","-","-","-","-","-","-","-","-","0.000","0.000","0.000","0.000","0.000","0.000","0.000","0.000","0.000","0.000","0.000","0.000","0.000","0.000","0.000","0.000","0.000","0.000","0.000","0.000","0.000","0.000","0.000","0.000","0.000","0.000","0.000","0.000","0.000","0.000","0.000","0.000"
"  Accounts Receivable","-","-","-","-","-","-","-","-","-","-","-","-","-","-","-","-","-","0.000","0.000","0.000","0.000","0.000","0.000","0.000","0.000","0.000","0.000","0.000","0.000","0.000","0.000","","-","-","-","-","-","-","-","-","-","-","-","-","-","-","-","-","-","-","-","-","-","-","-","-","-","-","-","-","-","-","-","-","-","-","-","-","-","-","-","-","-","-","-","-","-","-","-","-","-","-","-","-","-","-","-","-","-","-","-","-","-","-","-","-","-","-","-","-","-","-","-","-","-","-","-","-","-","-","-","-","-","-","-","-","-","-","-","-","0.000","0.000","0.000","0.000","0.000","0.000","0.000","0.000","0.000","0.000","0.000","0.000","0.000","0.000","0.000","0.000","0.000","0.000","0.000","0.000","0.000","0.000","0.000","0.000","0.000","0.000","0.000","0.000","0.000","0.000","0.000","0.000"
"  Notes Receivable","-","-","-","-","-","-","-","-","-","-","-","-","-","-","-","-","-","0.000","0.000","0.000","0.000","0.000","0.000","0.000","0.000","0.000","0.000","0.000","0.000","0.000","0.000","","-","-","-","-","-","-","-","-","-","-","-","-","-","-","-","-","-","-","-","-","-","-","-","-","-","-","-","-","-","-","-","-","-","-","-","-","-","-","-","-","-","-","-","-","-","-","-","-","-","-","-","-","-","-","-","-","-","-","-","-","-","-","-","-","-","-","-","-","-","-","-","-","-","-","-","-","-","-","-","-","-","-","-","-","-","-","-","-","0.000","0.000","0.000","0.000","0.000","0.000","0.000","0.000","0.000","0.000","0.000","0.000","0.000","0.000","0.000","0.000","0.000","0.000","0.000","0.000","0.000","0.000","0.000","0.000","0.000","0.000","0.000","0.000","0.000","0.000","0.000","0.000"
"  Other Current Receivables","-","-","-","-","-","-","-","-","-","-","-","-","-","-","-","-","-","1,315.821","1,236.030","246.870","175.303","0.000","3,819.523","3,972.535","6,988.913","7,487.491","6,742.675","6,767.619","7,380.188","7,072.225","7,364.615","","-","-","-","-","-","-","-","-","-","-","-","-","-","-","-","-","-","-","-","-","-","-","-","-","-","-","-","-","-","-","-","-","-","-","-","-","-","-","-","-","-","-","-","-","-","-","-","-","-","-","-","-","-","-","-","-","-","-","-","-","-","-","-","-","-","-","-","-","-","-","-","-","-","-","-","-","-","-","-","-","-","-","-","-","-","-","-","-","1,315.821","1,236.030","246.870","175.303","0.000","3,819.523","3,972.535","0.000","0.000","0.000","6,988.913","7,617.571","7,356.339","7,589.468","7,487.491","7,142.332","7,470.221","7,392.523","6,742.675","7,457.935","7,362.226","7,629.906","6,767.619","7,395.698","8,012.189","7,548.108","7,380.188","7,838.691","7,493.341","7,836.639","7,072.225","7,364.615"
"Total Receivables","-","-","-","-","-","-","-","-","-","-","-","-","-","-","-","-","-","1,315.821","1,236.030","246.870","175.303","0.000","3,819.523","3,972.535","6,988.913","7,487.491","6,742.675","6,767.619","7,380.188","7,072.225","7,364.615","","-","-","-","-","-","-","-","-","-","-","-","-","-","-","-","-","-","-","-","-","-","-","-","-","-","-","-","-","-","-","-","-","-","-","-","-","-","-","-","-","-","-","-","-","-","-","-","-","-","-","-","-","-","-","-","-","-","-","-","-","-","-","-","-","-","-","-","-","-","-","-","-","-","-","-","-","-","-","-","-","-","-","-","-","-","-","-","-","1,315.821","1,236.030","246.870","175.303","0.000","3,819.523","3,972.535","0.000","0.000","0.000","6,988.913","7,617.571","7,356.339","7,589.468","7,487.491","7,142.332","7,470.221","7,392.523","6,742.675","7,457.935","7,362.226","7,629.906","6,767.619","7,395.698","8,012.189","7,548.108","7,380.188","7,838.691","7,493.341","7,836.639","7,072.225","7,364.615"
"Deferred Policy Acquisition Costs","-","-","-","-","-","-","-","-","-","-","-","-","-","-","-","-","-","0.000","0.000","0.000","0.000","0.000","0.000","0.000","0.000","0.000","0.000","0.000","0.000","0.000","0.000","","-","-","-","-","-","-","-","-","-","-","-","-","-","-","-","-","-","-","-","-","-","-","-","-","-","-","-","-","-","-","-","-","-","-","-","-","-","-","-","-","-","-","-","-","-","-","-","-","-","-","-","-","-","-","-","-","-","-","-","-","-","-","-","-","-","-","-","-","-","-","-","-","-","-","-","-","-","-","-","-","-","-","-","-","-","-","-","-","0.000","0.000","0.000","0.000","0.000","0.000","0.000","0.000","0.000","0.000","0.000","0.000","0.000","0.000","0.000","0.000","0.000","0.000","0.000","0.000","0.000","0.000","0.000","0.000","0.000","0.000","0.000","0.000","0.000","0.000","0.000","0.000"
"Property, Plant and Equipment","-","-","-","-","-","-","-","-","-","-","-","-","-","-","-","-","-","922.610","782.935","760.791","792.046","931.151","913.275","988.737","1,042.318","1,020.481","1,030.681","1,041.583","1,032.131","1,013.710","1,001.391","","-","-","-","-","-","-","-","-","-","-","-","-","-","-","-","-","-","-","-","-","-","-","-","-","-","-","-","-","-","-","-","-","-","-","-","-","-","-","-","-","-","-","-","-","-","-","-","-","-","-","-","-","-","-","-","-","-","-","-","-","-","-","-","-","-","-","-","-","-","-","-","-","-","-","-","-","-","-","-","-","-","-","-","-","-","-","-","-","922.610","782.935","760.791","792.046","931.151","913.275","988.737","1,118.075","1,102.594","1,093.931","1,042.318","1,035.827","1,025.786","1,026.282","1,020.481","1,013.914","1,007.594","1,010.670","1,030.681","1,038.789","1,024.498","1,035.927","1,041.583","1,004.308","1,008.939","1,023.067","1,032.131","1,026.626","1,005.169","1,015.318","1,013.710","1,001.391"
"Intangible Assets","-","-","-","-","-","-","-","-","-","-","-","-","-","-","-","-","-","1,167.513","1,167.513","3,283.953","3,786.169","3,786.218","3,916.755","3,924.626","5,227.988","5,237.470","5,273.905","2,975.998","3,048.311","3,138.176","3,200.351","","-","-","-","-","-","-","-","-","-","-","-","-","-","-","-","-","-","-","-","-","-","-","-","-","-","-","-","-","-","-","-","-","-","-","-","-","-","-","-","-","-","-","-","-","-","-","-","-","-","-","-","-","-","-","-","-","-","-","-","-","-","-","-","-","-","-","-","-","-","-","-","-","-","-","-","-","-","-","-","-","-","-","-","-","-","-","-","-","1,167.513","1,167.513","3,283.953","3,786.169","3,786.218","3,916.755","3,924.626","3,806.860","3,806.860","3,806.860","5,227.988","5,198.693","5,210.656","5,213.664","5,237.470","5,234.514","5,239.600","5,247.294","5,273.905","5,293.465","5,303.868","5,311.812","2,975.998","5,369.518","3,008.153","3,017.652","3,048.311","3,063.927","3,087.764","3,085.127","3,138.176","3,200.351"
"  Goodwill","-","-","-","-","-","-","-","-","-","-","-","-","-","-","-","-","-","1,167.510","1,167.510","3,283.950","3,786.170","3,786.220","3,806.860","3,806.860","5,020.840","5,020.840","5,020.840","2,649.310","2,649.310","2,649.310","2,649.310","","-","-","-","-","-","-","-","-","-","-","-","-","-","-","-","-","-","-","-","-","-","-","-","-","-","-","-","-","-","-","-","-","-","-","-","-","-","-","-","-","-","-","-","-","-","-","-","-","-","-","-","-","-","-","-","-","-","-","-","-","-","-","-","-","-","-","-","-","-","-","-","-","-","-","-","-","-","-","-","-","-","-","-","-","-","-","-","-","1,167.510","1,167.510","3,283.950","3,786.170","3,786.220","3,806.860","3,806.860","3,806.860","3,806.860","3,806.860","5,020.840","0.000","0.000","0.000","5,020.840","0.000","0.000","0.000","5,020.840","0.000","0.000","0.000","2,649.310","0.000","2,649.310","2,649.310","2,649.310","2,649.310","2,649.310","2,649.310","2,649.310","2,649.310"
"Other Assets for Banks","-","-","-","-","-","-","-","-","-","-","-","-","-","-","-","-","-","24,155.187","30,468.638","23,894.141","24,281.554","24,550.067","41,687.341","44,847.299","55,658.767","62,151.367","61,922.516","66,141.956","67,313.101","62,823.746","60,008.882","","-","-","-","-","-","-","-","-","-","-","-","-","-","-","-","-","-","-","-","-","-","-","-","-","-","-","-","-","-","-","-","-","-","-","-","-","-","-","-","-","-","-","-","-","-","-","-","-","-","-","-","-","-","-","-","-","-","-","-","-","-","-","-","-","-","-","-","-","-","-","-","-","-","-","-","-","-","-","-","-","-","-","-","-","-","-","-","-","24,155.187","30,468.638","23,894.141","24,281.554","24,550.067","41,687.341","44,847.299","31,097.923","29,339.806","30,495.188","55,658.767","56,027.053","60,060.644","58,389.258","62,151.367","61,595.423","62,946.558","62,516.309","61,922.516","64,800.313","63,102.977","67,597.660","66,141.956","61,931.624","62,121.092","61,310.834","67,313.101","64,074.316","63,205.762","61,231.204","62,823.746","60,008.882"
"Total Assets","-","-","-","-","-","-","-","-","-","-","-","-","-","-","-","-","-","89,898.249","103,309.975","105,154.294","104,532.769","115,085.058","129,111.607","152,303.557","189,112.255","191,089.907","219,354.436","227,938.347","236,678.829","230,209.926","234,640.968","","-","-","-","-","-","-","-","-","-","-","-","-","-","-","-","-","-","-","-","-","-","-","-","-","-","-","-","-","-","-","-","-","-","-","-","-","-","-","-","-","-","-","-","-","-","-","-","-","-","-","-","-","-","-","-","-","-","-","-","-","-","-","-","-","-","-","-","-","-","-","-","-","-","-","-","-","-","-","-","-","-","-","-","-","-","-","-","-","89,898.249","103,309.975","105,154.294","104,532.769","115,085.058","129,111.607","152,303.557","154,828.973","158,508.603","169,478.772","189,112.255","184,556.176","185,918.024","187,667.585","191,089.907","196,944.147","205,523.283","209,453.644","219,354.436","225,064.291","223,239.049","229,558.067","227,938.347","225,472.221","227,149.673","229,292.985","236,678.829","233,519.778","233,041.855","235,139.659","230,209.926","234,640.968"
"Total Deposits","-","-","-","-","-","-","-","-","-","-","-","-","-","-","-","-","-","60,949.941","69,354.022","84,463.562","82,644.371","85,242.922","102,377.166","124,682.863","150,611.443","153,999.134","178,028.064","178,321.308","187,810.461","187,506.803","191,429.457","","-","-","-","-","-","-","-","-","-","-","-","-","-","-","-","-","-","-","-","-","-","-","-","-","-","-","-","-","-","-","-","-","-","-","-","-","-","-","-","-","-","-","-","-","-","-","-","-","-","-","-","-","-","-","-","-","-","-","-","-","-","-","-","-","-","-","-","-","-","-","-","-","-","-","-","-","-","-","-","-","-","-","-","-","-","-","-","-","60,949.941","69,354.022","84,463.562","82,644.371","85,242.922","102,377.166","124,682.863","126,960.393","128,623.215","137,999.492","150,611.443","144,984.844","146,283.556","149,484.744","153,999.134","160,257.176","167,825.214","168,178.949","178,028.064","179,965.465","176,765.490","177,137.003","178,321.308","174,426.568","180,535.156","182,450.905","187,810.461","185,581.941","188,141.752","190,056.701","187,506.803","191,429.457"
"Accounts Payable & Accrued Expense","-","-","-","-","-","-","-","-","-","-","-","-","-","-","-","-","-","224.902","90.518","101.626","91.196","40.463","1,423.186","1,086.164","3,863.380","3,254.424","2,441.108","7,204.971","3,786.484","3,352.936","3,415.291","","-","-","-","-","-","-","-","-","-","-","-","-","-","-","-","-","-","-","-","-","-","-","-","-","-","-","-","-","-","-","-","-","-","-","-","-","-","-","-","-","-","-","-","-","-","-","-","-","-","-","-","-","-","-","-","-","-","-","-","-","-","-","-","-","-","-","-","-","-","-","-","-","-","-","-","-","-","-","-","-","-","-","-","-","-","-","-","-","224.902","90.518","101.626","91.196","40.463","1,423.186","1,086.164","3,682.772","4,119.495","3,944.382","3,863.380","4,381.431","3,714.418","2,857.775","3,254.424","2,493.949","2,540.645","2,953.154","2,441.108","3,246.574","3,057.937","3,519.072","7,204.971","4,310.612","4,010.974","3,206.634","3,786.484","3,869.715","3,185.208","4,164.061","3,352.936","3,415.291"
"Current Portion of Long-Term Debt","-","-","-","-","-","-","-","-","-","-","-","-","-","-","-","-","-","0.000","0.000","0.000","0.000","0.000","0.000","0.000","0.000","0.000","0.000","0.000","0.000","0.000","0.000","","-","-","-","-","-","-","-","-","-","-","-","-","-","-","-","-","-","-","-","-","-","-","-","-","-","-","-","-","-","-","-","-","-","-","-","-","-","-","-","-","-","-","-","-","-","-","-","-","-","-","-","-","-","-","-","-","-","-","-","-","-","-","-","-","-","-","-","-","-","-","-","-","-","-","-","-","-","-","-","-","-","-","-","-","-","-","-","-","0.000","0.000","0.000","0.000","0.000","0.000","0.000","0.000","0.000","0.000","0.000","0.000","0.000","0.000","0.000","0.000","0.000","0.000","0.000","0.000","0.000","0.000","0.000","0.000","0.000","0.000","0.000","0.000","0.000","0.000","0.000","0.000"
"Long-Term Debt & Capital Lease Obligation","-","-","-","-","-","-","-","-","-","-","-","-","-","-","-","-","-","6,229.913","5,924.254","6,445.550","6,846.288","6,069.672","12,283.643","12,645.608","16,577.687","14,074.827","16,315.635","14,491.327","17,004.273","10,789.018","13,071.287","","-","-","-","-","-","-","-","-","-","-","-","-","-","-","-","-","-","-","-","-","-","-","-","-","-","-","-","-","-","-","-","-","-","-","-","-","-","-","-","-","-","-","-","-","-","-","-","-","-","-","-","-","-","-","-","-","-","-","-","-","-","-","-","-","-","-","-","-","-","-","-","-","-","-","-","-","-","-","-","-","-","-","-","-","-","-","-","-","6,229.913","5,924.254","6,445.550","6,846.288","6,069.672","12,283.643","12,645.608","3,550.846","3,404.102","3,273.359","16,577.687","16,818.974","16,885.223","16,352.550","14,074.827","14,135.790","14,475.256","16,378.300","16,315.635","17,433.064","16,949.123","17,128.247","14,491.327","16,022.829","14,020.679","15,914.013","17,004.273","16,609.032","13,860.242","12,717.394","10,789.018","13,071.287"
"Other Liabilities for Banks","-","-","-","-","-","-","-","-","-","-","-","-","-","-","-","-","-","16,986.861","21,889.459","7,069.568","7,109.974","14,991.819","3,064.053","2,261.602","2,719.265","2,818.795","3,675.543","10,228.254","6,303.744","5,376.741","4,335.555","","-","-","-","-","-","-","-","-","-","-","-","-","-","-","-","-","-","-","-","-","-","-","-","-","-","-","-","-","-","-","-","-","-","-","-","-","-","-","-","-","-","-","-","-","-","-","-","-","-","-","-","-","-","-","-","-","-","-","-","-","-","-","-","-","-","-","-","-","-","-","-","-","-","-","-","-","-","-","-","-","-","-","-","-","-","-","-","-","16,986.861","21,889.459","7,069.568","7,109.974","14,991.819","3,064.053","2,261.602","8,585.068","9,920.042","11,376.615","2,719.265","2,630.318","2,976.098","2,365.834","2,818.795","2,661.005","2,725.470","3,415.129","3,675.543","4,801.343","6,287.749","11,082.549","10,228.254","7,160.047","7,328.919","5,993.336","6,303.744","5,126.575","5,257.602","5,136.261","5,376.741","4,335.555"
"Total Liabilities","-","-","-","-","-","-","-","-","-","-","-","-","-","-","-","-","-","84,391.617","97,258.253","98,080.306","96,691.829","106,344.876","119,148.048","140,676.237","173,771.775","174,147.180","200,460.350","210,245.860","214,904.962","207,025.498","212,251.590","","-","-","-","-","-","-","-","-","-","-","-","-","-","-","-","-","-","-","-","-","-","-","-","-","-","-","-","-","-","-","-","-","-","-","-","-","-","-","-","-","-","-","-","-","-","-","-","-","-","-","-","-","-","-","-","-","-","-","-","-","-","-","-","-","-","-","-","-","-","-","-","-","-","-","-","-","-","-","-","-","-","-","-","-","-","-","-","-","84,391.617","97,258.253","98,080.306","96,691.829","106,344.876","119,148.048","140,676.237","142,779.079","146,066.854","156,593.848","173,771.775","168,815.567","169,859.295","171,060.903","174,147.180","179,547.920","187,566.585","190,925.532","200,460.350","205,446.446","203,060.299","208,866.871","210,245.860","201,920.056","205,895.728","207,564.888","214,904.962","211,187.263","210,444.804","212,074.417","207,025.498","212,251.590"
"Common Stock","-","-","-","-","-","-","-","-","-","-","-","-","-","-","-","-","-","1,823.475","1,823.475","2,153.475","2,153.475","2,153.475","2,153.475","2,204.819","2,494.208","2,546.910","2,572.457","3,460.585","4,010.045","6,994.103","6,994.103","","-","-","-","-","-","-","-","-","-","-","-","-","-","-","-","-","-","-","-","-","-","-","-","-","-","-","-","-","-","-","-","-","-","-","-","-","-","-","-","-","-","-","-","-","-","-","-","-","-","-","-","-","-","-","-","-","-","-","-","-","-","-","-","-","-","-","-","-","-","-","-","-","-","-","-","-","-","-","-","-","-","-","-","-","-","-","-","-","1,823.475","1,823.475","2,153.475","2,153.475","2,153.475","2,153.475","2,204.819","2,204.819","2,235.764","2,235.764","2,494.208","2,494.208","2,494.208","2,531.374","2,546.910","2,546.910","2,546.910","2,572.457","2,572.457","2,572.457","2,588.481","2,588.481","3,460.585","3,074.675","4,010.045","4,010.045","4,010.045","6,994.103","6,994.103","6,994.103","6,994.103","6,994.103"
"Preferred Stock","-","-","-","-","-","-","-","-","-","-","-","-","-","-","-","-","-","0.000","0.000","0.000","0.000","0.000","0.000","0.000","0.000","0.000","0.000","0.000","0.000","0.000","0.000","","-","-","-","-","-","-","-","-","-","-","-","-","-","-","-","-","-","-","-","-","-","-","-","-","-","-","-","-","-","-","-","-","-","-","-","-","-","-","-","-","-","-","-","-","-","-","-","-","-","-","-","-","-","-","-","-","-","-","-","-","-","-","-","-","-","-","-","-","-","-","-","-","-","-","-","-","-","-","-","-","-","-","-","-","-","-","-","-","0.000","0.000","0.000","0.000","0.000","0.000","0.000","0.000","0.000","0.000","0.000","0.000","0.000","0.000","0.000","0.000","0.000","0.000","0.000","0.000","0.000","0.000","0.000","0.000","0.000","0.000","0.000","0.000","0.000","0.000","0.000","0.000"
"Retained Earnings","-","-","-","-","-","-","-","-","-","-","-","-","-","-","-","-","-","0.000","0.000","852.107","1,343.732","1,991.182","2,738.412","3,536.860","4,386.948","5,563.177","6,939.829","7,750.021","0.000","0.000","0.000","","-","-","-","-","-","-","-","-","-","-","-","-","-","-","-","-","-","-","-","-","-","-","-","-","-","-","-","-","-","-","-","-","-","-","-","-","-","-","-","-","-","-","-","-","-","-","-","-","-","-","-","-","-","-","-","-","-","-","-","-","-","-","-","-","-","-","-","-","-","-","-","-","-","-","-","-","-","-","-","-","-","-","-","-","-","-","-","-","0.000","0.000","852.107","1,343.732","1,991.182","2,738.412","3,536.860","0.000","0.000","0.000","4,386.948","4,744.173","4,989.055","5,091.145","5,563.177","6,009.384","6,489.548","6,771.916","6,939.829","7,416.279","7,221.172","7,354.762","7,750.021","8,147.211","7,843.729","8,147.359","0.000","8,677.385","13,742.272","13,820.469","0.000","0.000"
"Accumulated other comprehensive income (loss)","-","-","-","-","-","-","-","-","-","-","-","-","-","-","-","-","-","0.000","0.000","0.000","0.000","0.000","0.000","0.000","0.000","0.000","0.000","0.000","0.000","0.000","0.000","","-","-","-","-","-","-","-","-","-","-","-","-","-","-","-","-","-","-","-","-","-","-","-","-","-","-","-","-","-","-","-","-","-","-","-","-","-","-","-","-","-","-","-","-","-","-","-","-","-","-","-","-","-","-","-","-","-","-","-","-","-","-","-","-","-","-","-","-","-","-","-","-","-","-","-","-","-","-","-","-","-","-","-","-","-","-","-","-","0.000","0.000","0.000","0.000","0.000","0.000","0.000","0.000","0.000","0.000","0.000","0.000","0.000","0.000","0.000","0.000","0.000","0.000","0.000","0.000","0.000","0.000","0.000","0.000","0.000","0.000","0.000","0.000","0.000","0.000","0.000","0.000"
"Additional Paid-In Capital","-","-","-","-","-","-","-","-","-","-","-","-","-","-","-","-","-","0.000","0.000","2,352.093","2,352.093","2,352.093","2,352.093","2,674.459","4,548.602","4,888.541","5,053.063","478.517","0.000","0.000","0.000","","-","-","-","-","-","-","-","-","-","-","-","-","-","-","-","-","-","-","-","-","-","-","-","-","-","-","-","-","-","-","-","-","-","-","-","-","-","-","-","-","-","-","-","-","-","-","-","-","-","-","-","-","-","-","-","-","-","-","-","-","-","-","-","-","-","-","-","-","-","-","-","-","-","-","-","-","-","-","-","-","-","-","-","-","-","-","-","-","0.000","0.000","2,352.093","2,352.093","2,352.093","2,352.093","2,674.459","0.000","0.000","0.000","4,548.602","4,548.602","4,548.602","4,795.013","4,888.541","4,888.541","4,888.541","5,053.063","5,053.063","5,053.063","5,149.691","5,149.691","478.517","6,993.584","2,984.058","2,984.058","0.000","0.000","0.000","0.000","0.000","0.000"
"Treasury Stock","-","-","-","-","-","-","-","-","-","-","-","-","-","-","-","-","-","0.000","0.000","0.000","0.000","0.000","0.000","0.000","0.000","0.000","0.000","0.000","0.000","0.000","0.000","","-","-","-","-","-","-","-","-","-","-","-","-","-","-","-","-","-","-","-","-","-","-","-","-","-","-","-","-","-","-","-","-","-","-","-","-","-","-","-","-","-","-","-","-","-","-","-","-","-","-","-","-","-","-","-","-","-","-","-","-","-","-","-","-","-","-","-","-","-","-","-","-","-","-","-","-","-","-","-","-","-","-","-","-","-","-","-","-","0.000","0.000","0.000","0.000","0.000","0.000","0.000","0.000","0.000","0.000","0.000","0.000","0.000","0.000","0.000","0.000","0.000","0.000","0.000","0.000","0.000","0.000","0.000","0.000","0.000","0.000","0.000","0.000","0.000","0.000","0.000","0.000"
"Total Stockholders Equity","-","-","-","-","-","-","-","-","-","-","-","-","-","-","-","-","-","4,492.555","4,928.039","7,048.360","7,814.427","8,707.741","9,952.746","11,615.398","15,117.215","16,739.071","18,794.297","17,667.869","21,744.778","23,149.714","22,355.063","","-","-","-","-","-","-","-","-","-","-","-","-","-","-","-","-","-","-","-","-","-","-","-","-","-","-","-","-","-","-","-","-","-","-","-","-","-","-","-","-","-","-","-","-","-","-","-","-","-","-","-","-","-","-","-","-","-","-","-","-","-","-","-","-","-","-","-","-","-","-","-","-","-","-","-","-","-","-","-","-","-","-","-","-","-","-","-","-","4,492.555","4,928.039","7,048.360","7,814.427","8,707.741","9,952.746","11,615.398","12,037.028","12,429.530","12,872.132","15,117.215","15,520.410","15,831.459","16,369.433","16,739.071","17,194.232","17,754.317","18,318.562","18,794.297","19,481.434","20,035.184","20,547.265","17,667.869","23,466.667","21,163.665","21,631.172","21,744.778","22,302.124","22,565.547","23,032.448","23,149.714","22,355.063"
"Minority Interest","-","-","-","-","-","-","-","-","-","-","-","-","-","-","-","-","-","1,014.077","1,123.683","25.628","26.513","32.441","10.813","11.922","223.265","203.656","99.789","24.618","29.089","34.714","34.315","","-","-","-","-","-","-","-","-","-","-","-","-","-","-","-","-","-","-","-","-","-","-","-","-","-","-","-","-","-","-","-","-","-","-","-","-","-","-","-","-","-","-","-","-","-","-","-","-","-","-","-","-","-","-","-","-","-","-","-","-","-","-","-","-","-","-","-","-","-","-","-","-","-","-","-","-","-","-","-","-","-","-","-","-","-","-","-","-","1,014.077","1,123.683","25.628","26.513","32.441","10.813","11.922","12.866","12.219","12.792","223.265","220.199","227.270","237.249","203.656","201.995","202.381","209.550","99.789","136.411","143.566","143.931","24.618","85.498","90.280","96.925","29.089","30.391","31.504","32.794","34.714","34.315"
"Total Equity","-","-","-","-","-","-","-","-","-","-","-","-","-","-","-","-","-","5,506.632","6,051.722","7,073.988","7,840.940","8,740.182","9,963.559","11,627.320","15,340.480","16,942.727","18,894.086","17,692.487","21,773.867","23,184.428","22,389.378","","-","-","-","-","-","-","-","-","-","-","-","-","-","-","-","-","-","-","-","-","-","-","-","-","-","-","-","-","-","-","-","-","-","-","-","-","-","-","-","-","-","-","-","-","-","-","-","-","-","-","-","-","-","-","-","-","-","-","-","-","-","-","-","-","-","-","-","-","-","-","-","-","-","-","-","-","-","-","-","-","-","-","-","-","-","-","-","-","5,506.632","6,051.722","7,073.988","7,840.940","8,740.182","9,963.559","11,627.320","12,049.894","12,441.749","12,884.924","15,340.480","15,740.609","16,058.729","16,606.682","16,942.727","17,396.227","17,956.698","18,528.112","18,894.086","19,617.845","20,178.750","20,691.196","17,692.487","23,552.165","21,253.945","21,728.097","21,773.867","22,332.515","22,597.051","23,065.242","23,184.428","22,389.378"
"  Net Income","-","-","-","-","-","-","-","-","-","-","-","-","-","-","-","-","-","432.648","595.897","822.065","1,049.755","1,208.606","1,428.545","1,687.913","1,784.742","1,831.190","2,038.000","1,664.972","1,681.624","1,950.145","2,040.688","","-","-","-","-","-","-","-","-","-","-","-","-","-","-","-","-","-","-","-","-","-","-","-","-","-","-","-","-","-","-","-","-","-","-","-","-","-","-","-","-","-","-","-","-","-","-","-","-","-","-","-","-","-","-","-","-","-","-","-","-","-","-","-","-","-","-","-","-","-","-","-","-","-","-","-","-","-","-","-","-","-","-","-","-","-","-","-","-","0.000","0.000","0.000","0.000","0.000","0.000","0.000","435.551","453.845","487.482","407.864","357.194","410.333","559.148","504.517","450.691","556.508","544.610","486.191","476.277","559.026","229.261","363.374","564.885","350.169","505.327","261.243","500.277","500.963","488.828","460.077","590.820"
"  Net Foreign Currency Exchange Gain","-","-","-","-","-","-","-","-","-","-","-","-","-","-","-","-","-","16.604","-31.882","35.435","-14.491","14.936","-21.310","-11.095","12.767","-113.459","-37.055","-484.623","-359.575","-36.167","0.000","","-","-","-","-","-","-","-","-","-","-","-","-","-","-","-","-","-","-","-","-","-","-","-","-","-","-","-","-","-","-","-","-","-","-","-","-","-","-","-","-","-","-","-","-","-","-","-","-","-","-","-","-","-","-","-","-","-","-","-","-","-","-","-","-","-","-","-","-","-","-","-","-","-","-","-","-","-","-","-","-","-","-","-","-","-","-","-","-","0.000","0.000","0.000","0.000","0.000","0.000","0.000","23.602","-50.259","52.999","-13.575","-38.663","29.226","-89.105","-14.917","29.024","23.164","15.048","-104.291","-131.961","5.153","-369.301","11.486","0.000","0.000","0.000","0.000","0.000","0.000","0.000","0.000","0.000"
"Net Income From Continuing Operations","-","-","-","-","-","-","-","-","-","-","-","-","-","-","-","-","-","688.868","940.296","1,246.510","1,422.449","1,538.420","1,899.289","2,249.878","2,384.623","2,470.767","2,735.053","2,250.584","2,231.841","2,558.132","2,691.769","","-","-","-","-","-","-","-","-","-","-","-","-","-","-","-","-","-","-","-","-","-","-","-","-","-","-","-","-","-","-","-","-","-","-","-","-","-","-","-","-","-","-","-","-","-","-","-","-","-","-","-","-","-","-","-","-","-","-","-","-","-","-","-","-","-","-","-","-","-","-","-","-","-","-","-","-","-","-","-","-","-","-","-","-","-","-","-","-","0.000","0.000","0.000","0.000","0.000","0.000","0.000","580.723","603.234","640.346","560.320","494.285","553.667","739.760","683.055","637.408","739.127","714.932","643.586","644.821","758.536","329.151","518.076","755.472","469.339","662.619","344.411","658.272","653.915","644.066","601.879","791.909"
"Depreciation, Depletion and Amortization","-","-","-","-","-","-","-","-","-","-","-","-","-","-","-","-","-","93.197","85.693","92.167","79.214","84.930","98.951","100.052","128.471","169.608","183.002","192.854","189.000","200.351","205.377","","-","-","-","-","-","-","-","-","-","-","-","-","-","-","-","-","-","-","-","-","-","-","-","-","-","-","-","-","-","-","-","-","-","-","-","-","-","-","-","-","-","-","-","-","-","-","-","-","-","-","-","-","-","-","-","-","-","-","-","-","-","-","-","-","-","-","-","-","-","-","-","-","-","-","-","-","-","-","-","-","-","-","-","-","-","-","-","-","0.000","0.000","0.000","0.000","0.000","0.000","0.000","21.264","34.270","29.053","43.884","38.968","38.839","39.193","52.608","46.796","43.662","46.415","46.129","50.705","46.865","47.838","47.446","46.604","46.050","48.427","47.919","47.944","47.602","50.887","53.918","52.970"
"  Change In Receivables","-","-","-","-","-","-","-","-","-","-","-","-","-","-","-","-","-","-80.598","-82.429","1,236.030","0.000","0.000","0.000","187.740","-217.223","413.295","1,048.436","-129.066","-436.570","491.189","753.645","","-","-","-","-","-","-","-","-","-","-","-","-","-","-","-","-","-","-","-","-","-","-","-","-","-","-","-","-","-","-","-","-","-","-","-","-","-","-","-","-","-","-","-","-","-","-","-","-","-","-","-","-","-","-","-","-","-","-","-","-","-","-","-","-","-","-","-","-","-","-","-","-","-","-","-","-","-","-","-","-","-","-","-","-","-","-","-","-","0.000","0.000","0.000","0.000","0.000","0.000","0.000","-426.005","168.230","143.101","-102.549","-483.406","326.012","597.689","-27.000","479.034","302.149","-574.344","841.597","-593.316","1.091","-146.367","609.526","-900.326","-287.032","629.137","121.651","-382.154","608.509","-65.864","330.698","-119.698"
"  Change In Inventory","-","-","-","-","-","-","-","-","-","-","-","-","-","-","-","-","-","0.000","0.000","0.000","0.000","0.000","0.000","0.000","0.000","0.000","0.000","0.000","0.000","0.000","0.000","","-","-","-","-","-","-","-","-","-","-","-","-","-","-","-","-","-","-","-","-","-","-","-","-","-","-","-","-","-","-","-","-","-","-","-","-","-","-","-","-","-","-","-","-","-","-","-","-","-","-","-","-","-","-","-","-","-","-","-","-","-","-","-","-","-","-","-","-","-","-","-","-","-","-","-","-","-","-","-","-","-","-","-","-","-","-","-","-","0.000","0.000","0.000","0.000","0.000","0.000","0.000","0.000","0.000","0.000","0.000","0.000","0.000","0.000","0.000","0.000","0.000","0.000","0.000","0.000","0.000","0.000","0.000","0.000","0.000","0.000","0.000","0.000","0.000","0.000","0.000","0.000"
"  Change In Prepaid Assets","-","-","-","-","-","-","-","-","-","-","-","-","-","-","-","-","-","0.000","0.000","0.000","0.000","0.000","0.000","0.000","0.000","0.000","0.000","0.000","0.000","0.000","0.000","","-","-","-","-","-","-","-","-","-","-","-","-","-","-","-","-","-","-","-","-","-","-","-","-","-","-","-","-","-","-","-","-","-","-","-","-","-","-","-","-","-","-","-","-","-","-","-","-","-","-","-","-","-","-","-","-","-","-","-","-","-","-","-","-","-","-","-","-","-","-","-","-","-","-","-","-","-","-","-","-","-","-","-","-","-","-","-","-","0.000","0.000","0.000","0.000","0.000","0.000","0.000","0.000","0.000","0.000","0.000","0.000","0.000","0.000","0.000","0.000","0.000","0.000","0.000","0.000","0.000","0.000","0.000","0.000","0.000","0.000","0.000","0.000","0.000","0.000","0.000","0.000"
"  Change In Payables And Accrued Expense","-","-","-","-","-","-","-","-","-","-","-","-","-","-","-","-","-","0.000","0.000","0.000","0.000","0.000","0.000","0.000","0.000","0.000","0.000","0.000","0.000","0.000","0.000","","-","-","-","-","-","-","-","-","-","-","-","-","-","-","-","-","-","-","-","-","-","-","-","-","-","-","-","-","-","-","-","-","-","-","-","-","-","-","-","-","-","-","-","-","-","-","-","-","-","-","-","-","-","-","-","-","-","-","-","-","-","-","-","-","-","-","-","-","-","-","-","-","-","-","-","-","-","-","-","-","-","-","-","-","-","-","-","-","0.000","0.000","0.000","0.000","0.000","0.000","0.000","0.000","0.000","0.000","0.000","0.000","0.000","0.000","0.000","0.000","0.000","0.000","0.000","0.000","0.000","0.000","0.000","0.000","0.000","0.000","0.000","0.000","0.000","0.000","0.000","0.000"
"Change In Working Capital","-","-","-","-","-","-","-","-","-","-","-","-","-","-","-","-","-","-3,912.246","1,326.667","2,789.796","-4,403.946","2,408.931","-628.212","4,174.905","3,210.633","-9,417.666","1,509.705","825.312","45.509","-4,549.077","1,507.092","","-","-","-","-","-","-","-","-","-","-","-","-","-","-","-","-","-","-","-","-","-","-","-","-","-","-","-","-","-","-","-","-","-","-","-","-","-","-","-","-","-","-","-","-","-","-","-","-","-","-","-","-","-","-","-","-","-","-","-","-","-","-","-","-","-","-","-","-","-","-","-","-","-","-","-","-","-","-","-","-","-","-","-","-","-","-","-","-","0.000","0.000","0.000","0.000","0.000","0.000","0.000","1,251.717","-6,195.549","5,744.179","2,410.286","-9,299.574","-1,938.489","-1,853.738","3,674.135","1,402.690","-233.154","-1,396.927","1,737.096","901.670","-3,013.256","-681.424","3,618.322","-4,081.144","1,890.794","-567.148","2,803.007","-2,435.612","1,115.447","1,073.254","-4,302.166","3,620.557"
"Change In DeferredTax","-","-","-","-","-","-","-","-","-","-","-","-","-","-","-","-","-","0.000","0.000","0.000","0.000","0.000","0.000","0.000","0.000","0.000","0.000","0.000","0.000","0.000","0.000","","-","-","-","-","-","-","-","-","-","-","-","-","-","-","-","-","-","-","-","-","-","-","-","-","-","-","-","-","-","-","-","-","-","-","-","-","-","-","-","-","-","-","-","-","-","-","-","-","-","-","-","-","-","-","-","-","-","-","-","-","-","-","-","-","-","-","-","-","-","-","-","-","-","-","-","-","-","-","-","-","-","-","-","-","-","-","-","-","0.000","0.000","0.000","0.000","0.000","0.000","0.000","0.000","0.000","0.000","0.000","0.000","0.000","0.000","0.000","0.000","0.000","0.000","0.000","0.000","0.000","0.000","0.000","0.000","0.000","0.000","0.000","0.000","0.000","0.000","0.000","0.000"
"Stock Based Compensation","-","-","-","-","-","-","-","-","-","-","-","-","-","-","-","-","-","0.000","0.000","0.000","0.000","0.000","0.000","0.000","0.000","0.000","0.000","0.000","0.000","0.000","0.000","","-","-","-","-","-","-","-","-","-","-","-","-","-","-","-","-","-","-","-","-","-","-","-","-","-","-","-","-","-","-","-","-","-","-","-","-","-","-","-","-","-","-","-","-","-","-","-","-","-","-","-","-","-","-","-","-","-","-","-","-","-","-","-","-","-","-","-","-","-","-","-","-","-","-","-","-","-","-","-","-","-","-","-","-","-","-","-","-","0.000","0.000","0.000","0.000","0.000","0.000","0.000","0.000","0.000","0.000","0.000","0.000","0.000","0.000","0.000","0.000","0.000","0.000","0.000","0.000","0.000","0.000","0.000","0.000","0.000","0.000","0.000","0.000","0.000","0.000","0.000","0.000"
"Cash Flow from Discontinued Operations","-","-","-","-","-","-","-","-","-","-","-","-","-","-","-","-","-","0.000","0.000","0.000","0.000","0.000","0.000","0.000","0.000","0.000","0.000","0.000","0.000","0.000","0.000","","-","-","-","-","-","-","-","-","-","-","-","-","-","-","-","-","-","-","-","-","-","-","-","-","-","-","-","-","-","-","-","-","-","-","-","-","-","-","-","-","-","-","-","-","-","-","-","-","-","-","-","-","-","-","-","-","-","-","-","-","-","-","-","-","-","-","-","-","-","-","-","-","-","-","-","-","-","-","-","-","-","-","-","-","-","-","-","-","0.000","0.000","0.000","0.000","0.000","0.000","0.000","0.000","0.000","0.000","0.000","0.000","0.000","0.000","0.000","0.000","0.000","0.000","0.000","0.000","0.000","0.000","0.000","0.000","0.000","0.000","0.000","0.000","0.000","0.000","0.000","0.000"
"Cash Flow from Others","-","-","-","-","-","-","-","-","-","-","-","-","-","-","-","-","-","-79.601","-365.649","-534.377","-387.418","-441.157","-945.154","-1,108.347","-929.898","-1,794.125","-1,921.682","-2,450.925","-1,652.586","-1,470.753","-2,154.168","","-","-","-","-","-","-","-","-","-","-","-","-","-","-","-","-","-","-","-","-","-","-","-","-","-","-","-","-","-","-","-","-","-","-","-","-","-","-","-","-","-","-","-","-","-","-","-","-","-","-","-","-","-","-","-","-","-","-","-","-","-","-","-","-","-","-","-","-","-","-","-","-","-","-","-","-","-","-","-","-","-","-","-","-","-","-","-","-","0.000","0.000","0.000","0.000","0.000","0.000","0.000","-170.691","-254.748","-132.533","-371.926","-421.074","-327.573","-653.993","-391.485","-350.125","-475.855","-317.207","-778.495","-471.855","-507.473","-1,121.305","-350.292","52.179","-558.769","-439.029","-706.967","171.864","-472.613","-736.103","-433.901","-511.551"
"Cash Flow from Operations","-","-","-","-","-","-","-","-","-","-","-","-","-","-","-","-","-","-3,209.782","1,987.007","3,594.096","-3,289.701","3,591.124","424.874","5,416.488","4,793.829","-8,571.416","2,506.078","817.825","813.764","-3,261.347","2,250.070","","-","-","-","-","-","-","-","-","-","-","-","-","-","-","-","-","-","-","-","-","-","-","-","-","-","-","-","-","-","-","-","-","-","-","-","-","-","-","-","-","-","-","-","-","-","-","-","-","-","-","-","-","-","-","-","-","-","-","-","-","-","-","-","-","-","-","-","-","-","-","-","-","-","-","-","-","-","-","-","-","-","-","-","-","-","-","-","-","0.000","0.000","0.000","0.000","0.000","0.000","0.000","1,683.013","-5,812.793","6,281.045","2,642.564","-9,187.395","-1,673.556","-1,728.778","4,018.313","1,736.769","73.780","-952.787","1,648.316","1,125.341","-2,715.328","-1,425.740","3,833.552","-3,226.889","1,847.414","-295.131","2,488.370","-1,557.532","1,344.351","1,032.104","-4,080.270","3,953.885"
"Purchase Of Property, Plant, Equipment","-","-","-","-","-","-","-","-","-","-","-","-","-","-","-","-","-","-72.990","-71.486","-74.448","-108.742","-122.764","-143.111","-136.860","-84.743","-80.261","-125.644","-100.052","-117.645","-105.103","-114.639","","-","-","-","-","-","-","-","-","-","-","-","-","-","-","-","-","-","-","-","-","-","-","-","-","-","-","-","-","-","-","-","-","-","-","-","-","-","-","-","-","-","-","-","-","-","-","-","-","-","-","-","-","-","-","-","-","-","-","-","-","-","-","-","-","-","-","-","-","-","-","-","-","-","-","-","-","-","-","-","-","-","-","-","-","-","-","-","-","0.000","0.000","0.000","0.000","0.000","0.000","0.000","-33.070","-5.430","-11.867","-34.376","-17.924","-16.800","-21.157","-24.380","-21.615","-19.973","-32.952","-51.104","-33.669","-7.821","-17.669","-40.893","-7.895","-26.564","-41.206","-41.980","-20.978","-13.030","-40.578","-30.517","-30.514"
"Sale Of Property, Plant, Equipment","-","-","-","-","-","-","-","-","-","-","-","-","-","-","-","-","-","7.246","16.341","5.514","0.141","6.578","15.693","5.523","11.376","1.029","27.543","9.429","4.979","0.143","0.260","","-","-","-","-","-","-","-","-","-","-","-","-","-","-","-","-","-","-","-","-","-","-","-","-","-","-","-","-","-","-","-","-","-","-","-","-","-","-","-","-","-","-","-","-","-","-","-","-","-","-","-","-","-","-","-","-","-","-","-","-","-","-","-","-","-","-","-","-","-","-","-","-","-","-","-","-","-","-","-","-","-","-","-","-","-","-","-","-","0.000","0.000","0.000","0.000","0.000","0.000","0.000","0.000","9.996","0.462","0.918","0.253","0.462","0.137","0.177","0.107","-0.007","0.543","26.900","0.118","8.641","0.526","0.144","4.173","0.079","0.313","0.414","0.035","0.100","0.000","0.008","0.152"
"Purchase Of Business","-","-","-","-","-","-","-","-","-","-","-","-","-","-","-","-","-","-0.020","-0.030","-3,373.567","-1,534.047","-1.658","-82.986","0.000","-7.965","-50.013","-329.210","0.000","-3,613.908","0.000","0.000","","-","-","-","-","-","-","-","-","-","-","-","-","-","-","-","-","-","-","-","-","-","-","-","-","-","-","-","-","-","-","-","-","-","-","-","-","-","-","-","-","-","-","-","-","-","-","-","-","-","-","-","-","-","-","-","-","-","-","-","-","-","-","-","-","-","-","-","-","-","-","-","-","-","-","-","-","-","-","-","-","-","-","-","-","-","-","-","-","0.000","0.000","0.000","0.000","0.000","0.000","0.000","0.000","0.000","0.000","0.000","0.000","0.000","0.000","0.000","0.000","0.000","0.000","0.000","0.000","0.000","0.000","0.000","0.000","0.000","0.000","0.000","0.000","0.000","0.000","0.000","0.000"
"Sale Of Business","-","-","-","-","-","-","-","-","-","-","-","-","-","-","-","-","-","4.025","0.000","2.408","7.069","0.163","0.000","0.000","1,082.745","26.201","123.370","0.000","0.845","0.000","0.000","","-","-","-","-","-","-","-","-","-","-","-","-","-","-","-","-","-","-","-","-","-","-","-","-","-","-","-","-","-","-","-","-","-","-","-","-","-","-","-","-","-","-","-","-","-","-","-","-","-","-","-","-","-","-","-","-","-","-","-","-","-","-","-","-","-","-","-","-","-","-","-","-","-","-","-","-","-","-","-","-","-","-","-","-","-","-","-","-","0.000","0.000","0.000","0.000","0.000","0.000","0.000","0.000","0.000","0.000","0.000","0.000","0.000","0.000","0.000","0.000","0.000","0.000","0.000","0.000","0.000","0.000","0.000","0.000","0.000","0.000","0.000","0.000","0.000","0.000","0.000","0.000"
"Purchase Of Investment","-","-","-","-","-","-","-","-","-","-","-","-","-","-","-","-","-","0.000","-3,322.039","-3,373.541","-1,091.169","-2,518.286","-3,945.083","-459.409","-4,748.672","-5,319.234","0.000","-5,312.216","-1,269.809","0.000","0.000","","-","-","-","-","-","-","-","-","-","-","-","-","-","-","-","-","-","-","-","-","-","-","-","-","-","-","-","-","-","-","-","-","-","-","-","-","-","-","-","-","-","-","-","-","-","-","-","-","-","-","-","-","-","-","-","-","-","-","-","-","-","-","-","-","-","-","-","-","-","-","-","-","-","-","-","-","-","-","-","-","-","-","-","-","-","-","-","-","0.000","0.000","0.000","0.000","0.000","0.000","0.000","0.000","0.000","0.000","0.000","0.000","0.000","0.000","0.000","0.000","0.000","0.000","0.000","0.000","0.000","0.000","0.000","0.000","0.000","0.000","0.000","0.000","0.000","0.000","0.000","0.000"
"Sale Of Investment","-","-","-","-","-","-","-","-","-","-","-","-","-","-","-","-","-","1,724.110","0.000","4,638.192","0.000","0.000","104.438","118.314","0.000","0.000","0.000","0.000","0.000","1,520.951","2,626.801","","-","-","-","-","-","-","-","-","-","-","-","-","-","-","-","-","-","-","-","-","-","-","-","-","-","-","-","-","-","-","-","-","-","-","-","-","-","-","-","-","-","-","-","-","-","-","-","-","-","-","-","-","-","-","-","-","-","-","-","-","-","-","-","-","-","-","-","-","-","-","-","-","-","-","-","-","-","-","-","-","-","-","-","-","-","-","-","-","0.000","0.000","0.000","0.000","0.000","0.000","0.000","0.000","0.000","0.000","0.000","449.747","0.000","0.000","0.000","0.000","0.000","0.000","0.000","0.000","0.000","0.000","0.000","4,000.382","-1,847.170","1,448.641","0.000","1,797.420","518.767","1,578.651","-2,373.887","2,903.270"
"Net Intangibles Purchase And Sale","-","-","-","-","-","-","-","-","-","-","-","-","-","-","-","-","-","0.000","0.000","0.000","0.000","0.000","0.000","-43.927","-42.318","-73.199","-110.859","-141.776","-140.826","-176.490","-224.120","","-","-","-","-","-","-","-","-","-","-","-","-","-","-","-","-","-","-","-","-","-","-","-","-","-","-","-","-","-","-","-","-","-","-","-","-","-","-","-","-","-","-","-","-","-","-","-","-","-","-","-","-","-","-","-","-","-","-","-","-","-","-","-","-","-","-","-","-","-","-","-","-","-","-","-","-","-","-","-","-","-","-","-","-","-","-","-","-","0.000","0.000","0.000","0.000","0.000","0.000","0.000","0.000","-18.385","-8.922","-15.011","-10.483","-24.269","-15.865","-22.582","-15.724","-27.090","-21.781","-46.264","-38.063","-29.179","-22.339","-52.195","-40.681","-26.171","-26.348","-47.626","-33.036","-42.638","-19.138","-81.678","-80.666"
"Cash From Discontinued Investing Activities","-","-","-","-","-","-","-","-","-","-","-","-","-","-","-","-","-","0.000","0.000","0.000","0.000","0.000","0.000","0.000","0.000","0.000","0.000","0.000","0.000","0.000","0.000","","-","-","-","-","-","-","-","-","-","-","-","-","-","-","-","-","-","-","-","-","-","-","-","-","-","-","-","-","-","-","-","-","-","-","-","-","-","-","-","-","-","-","-","-","-","-","-","-","-","-","-","-","-","-","-","-","-","-","-","-","-","-","-","-","-","-","-","-","-","-","-","-","-","-","-","-","-","-","-","-","-","-","-","-","-","-","-","-","0.000","0.000","0.000","0.000","0.000","0.000","0.000","0.000","0.000","0.000","0.000","0.000","0.000","0.000","0.000","0.000","0.000","0.000","0.000","0.000","0.000","0.000","0.000","0.000","0.000","0.000","0.000","0.000","0.000","0.000","0.000","0.000"
"Cash From Other Investing Activities","-","-","-","-","-","-","-","-","-","-","-","-","-","-","-","-","-","435.161","636.963","4,084.402","514.169","637.467","740.073","913.567","994.681","1,187.345","1,579.793","1,629.826","1,664.717","1,697.213","1,667.117","","-","-","-","-","-","-","-","-","-","-","-","-","-","-","-","-","-","-","-","-","-","-","-","-","-","-","-","-","-","-","-","-","-","-","-","-","-","-","-","-","-","-","-","-","-","-","-","-","-","-","-","-","-","-","-","-","-","-","-","-","-","-","-","-","-","-","-","-","-","-","-","-","-","-","-","-","-","-","-","-","-","-","-","-","-","-","-","-","0.000","0.000","0.000","0.000","0.000","0.000","0.000","-2,063.546","1,421.205","-677.211","-1,359.659","236.209","-3,869.865","1,721.803","-2,693.595","358.430","-938.457","1,128.496","825.484","-1,846.203","2,598.766","-2,452.645","-1,982.308","401.209","-3,177.014","403.439","-4,447.642","436.145","426.724","418.325","416.019","406.049"
"Cash Flow from Investing","-","-","-","-","-","-","-","-","-","-","-","-","-","-","-","-","-","2,097.532","-2,740.251","1,908.960","-2,212.579","-1,998.500","-3,310.976","397.208","-2,794.896","-4,308.132","1,164.993","-3,914.789","-3,471.647","2,936.714","3,955.419","","-","-","-","-","-","-","-","-","-","-","-","-","-","-","-","-","-","-","-","-","-","-","-","-","-","-","-","-","-","-","-","-","-","-","-","-","-","-","-","-","-","-","-","-","-","-","-","-","-","-","-","-","-","-","-","-","-","-","-","-","-","-","-","-","-","-","-","-","-","-","-","-","-","-","-","-","-","-","-","-","-","-","-","-","-","-","-","-","0.000","0.000","0.000","0.000","0.000","0.000","0.000","-2,096.616","1,407.386","-697.538","-1,408.128","657.802","-3,910.472","1,684.918","-2,740.380","321.198","-985.527","1,074.306","755.016","-1,917.817","2,570.407","-2,492.127","-2,075.252","4,357.188","-5,076.840","1,784.839","-4,536.834","2,179.586","889.923","1,937.260","-2,070.055","3,198.291"
"Issuance of Stock","-","-","-","-","-","-","-","-","-","-","-","-","-","-","-","-","-","0.000","0.000","1,567.500","0.000","591.834","0.000","373.710","289.282","392.641","0.000","0.000","2,490.001","0.000","0.000","","-","-","-","-","-","-","-","-","-","-","-","-","-","-","-","-","-","-","-","-","-","-","-","-","-","-","-","-","-","-","-","-","-","-","-","-","-","-","-","-","-","-","-","-","-","-","-","-","-","-","-","-","-","-","-","-","-","-","-","-","-","-","-","-","-","-","-","-","-","-","-","-","-","-","-","-","-","-","-","-","-","-","-","-","-","-","-","-","0.000","0.000","0.000","0.000","0.000","0.000","0.000","0.000","0.000","0.000","0.000","0.000","0.000","0.000","0.000","0.000","0.000","0.000","0.000","0.000","0.000","0.000","0.000","0.000","0.000","0.000","0.000","0.000","0.000","0.000","0.000","0.000"
"Repurchase of Stock","-","-","-","-","-","-","-","-","-","-","-","-","-","-","-","-","-","0.000","0.000","0.000","0.000","0.000","0.000","0.000","0.000","0.000","0.000","0.000","0.000","0.000","0.000","","-","-","-","-","-","-","-","-","-","-","-","-","-","-","-","-","-","-","-","-","-","-","-","-","-","-","-","-","-","-","-","-","-","-","-","-","-","-","-","-","-","-","-","-","-","-","-","-","-","-","-","-","-","-","-","-","-","-","-","-","-","-","-","-","-","-","-","-","-","-","-","-","-","-","-","-","-","-","-","-","-","-","-","-","-","-","-","-","0.000","0.000","0.000","0.000","0.000","0.000","0.000","0.000","0.000","0.000","0.000","0.000","0.000","0.000","0.000","0.000","0.000","0.000","0.000","0.000","0.000","0.000","0.000","0.000","0.000","0.000","0.000","0.000","0.000","0.000","0.000","0.000"
"Net Issuance of Preferred Stock","-","-","-","-","-","-","-","-","-","-","-","-","-","-","-","-","-","0.000","0.000","0.000","0.000","0.000","0.000","0.000","0.000","0.000","0.000","0.000","0.000","0.000","0.000","","-","-","-","-","-","-","-","-","-","-","-","-","-","-","-","-","-","-","-","-","-","-","-","-","-","-","-","-","-","-","-","-","-","-","-","-","-","-","-","-","-","-","-","-","-","-","-","-","-","-","-","-","-","-","-","-","-","-","-","-","-","-","-","-","-","-","-","-","-","-","-","-","-","-","-","-","-","-","-","-","-","-","-","-","-","-","-","-","0.000","0.000","0.000","0.000","0.000","0.000","0.000","0.000","0.000","0.000","0.000","0.000","0.000","0.000","0.000","0.000","0.000","0.000","0.000","0.000","0.000","0.000","0.000","0.000","0.000","0.000","0.000","0.000","0.000","0.000","0.000","0.000"
"Net Issuance of Debt","-","-","-","-","-","-","-","-","-","-","-","-","-","-","-","-","-","-48.345","210.986","1,593.584","1,080.212","397.359","325.075","-224.691","2,158.822","-961.324","2,495.372","-438.482","2,051.278","-3,720.466","-3,321.257","","-","-","-","-","-","-","-","-","-","-","-","-","-","-","-","-","-","-","-","-","-","-","-","-","-","-","-","-","-","-","-","-","-","-","-","-","-","-","-","-","-","-","-","-","-","-","-","-","-","-","-","-","-","-","-","-","-","-","-","-","-","-","-","-","-","-","-","-","-","-","-","-","-","-","-","-","-","-","-","-","-","-","-","-","-","-","-","-","0.000","0.000","0.000","0.000","0.000","0.000","0.000","-27.021","1,493.361","516.596","175.886","80.031","56.491","-46.533","-1,051.313","-16.976","606.184","822.096","1,084.068","427.487","-701.809","-109.321","-54.839","209.016","-44.919","-155.805","2,042.986","-199.891","-2,699.943","627.697","-1,448.329","199.318"
"Cash Flow for Dividends","-","-","-","-","-","-","-","-","-","-","-","-","-","-","-","-","-","-45.952","-26.258","-158.470","-280.469","-251.956","-362.591","-476.825","-452.973","-553.200","-72.263","-178.034","-225.502","-481.205","0.000","","-","-","-","-","-","-","-","-","-","-","-","-","-","-","-","-","-","-","-","-","-","-","-","-","-","-","-","-","-","-","-","-","-","-","-","-","-","-","-","-","-","-","-","-","-","-","-","-","-","-","-","-","-","-","-","-","-","-","-","-","-","-","-","-","-","-","-","-","-","-","-","-","-","-","-","-","-","-","-","-","-","-","-","-","-","-","-","-","0.000","0.000","0.000","0.000","0.000","0.000","0.000","0.000","0.000","0.000","0.000","0.000","0.000","0.000","0.000","0.000","0.000","0.000","0.000","0.000","0.000","0.000","0.000","0.000","0.000","0.000","0.000","0.000","0.000","0.000","0.000","0.000"
"Other Financing","-","-","-","-","-","-","-","-","-","-","-","-","-","-","-","-","-","-131.650","-120.029","-129.105","0.000","-1.538","1,004.230","-0.993","-0.993","-10.442","-0.993","0.000","0.000","-0.000","-481.205","","-","-","-","-","-","-","-","-","-","-","-","-","-","-","-","-","-","-","-","-","-","-","-","-","-","-","-","-","-","-","-","-","-","-","-","-","-","-","-","-","-","-","-","-","-","-","-","-","-","-","-","-","-","-","-","-","-","-","-","-","-","-","-","-","-","-","-","-","-","-","-","-","-","-","-","-","-","-","-","-","-","-","-","-","-","-","-","-","0.000","0.000","0.000","0.000","0.000","0.000","0.000","0.000","-118.061","0.000","-46.623","-9.185","-0.951","-117.986","-42.879","0.000","-0.993","-72.263","0.000","0.000","-178.034","0.000","0.000","0.000","2,465.001","-200.502","0.000","0.000","-280.703","0.000","-200.502","0.000"
"Cash Flow from Financing","-","-","-","-","-","-","-","-","-","-","-","-","-","-","-","-","-","-225.947","64.699","2,873.509","799.743","735.699","966.714","-328.799","1,994.138","-1,132.325","2,422.116","-616.516","4,315.777","-4,201.671","-3,802.462","","-","-","-","-","-","-","-","-","-","-","-","-","-","-","-","-","-","-","-","-","-","-","-","-","-","-","-","-","-","-","-","-","-","-","-","-","-","-","-","-","-","-","-","-","-","-","-","-","-","-","-","-","-","-","-","-","-","-","-","-","-","-","-","-","-","-","-","-","-","-","-","-","-","-","-","-","-","-","-","-","-","-","-","-","-","-","-","-","0.000","0.000","0.000","0.000","0.000","0.000","0.000","-27.021","1,375.300","516.596","129.263","70.846","55.540","-164.519","-1,094.192","-16.976","605.191","749.833","1,084.068","427.487","-879.843","-109.321","-54.839","209.016","2,420.082","-356.307","2,042.986","-199.891","-2,980.646","627.697","-1,648.831","199.318"
"Net Change in Cash","-","-","-","-","-","-","-","-","-","-","-","-","-","-","-","-","-","-1,338.197","-688.545","8,376.565","-4,702.537","2,328.323","-1,919.388","5,484.897","3,993.071","-14,011.873","6,093.187","-3,713.480","1,657.894","-4,526.304","2,403.027","","-","-","-","-","-","-","-","-","-","-","-","-","-","-","-","-","-","-","-","-","-","-","-","-","-","-","-","-","-","-","-","-","-","-","-","-","-","-","-","-","-","-","-","-","-","-","-","-","-","-","-","-","-","-","-","-","-","-","-","-","-","-","-","-","-","-","-","-","-","-","-","-","-","-","-","-","-","-","-","-","-","-","-","-","-","-","-","-","0.000","0.000","0.000","0.000","0.000","0.000","0.000","-440.624","-3,030.107","6,100.103","1,363.699","-8,458.747","-5,528.488","-208.379","183.741","2,040.991","-306.556","871.352","3,487.400","-364.989","-1,024.764","-4,027.188","1,703.461","1,339.315","-809.344","1,133.401","-5.478","422.163","-746.372","3,597.061","-7,799.156","7,351.494"
"Capital Expenditure","-","-","-","-","-","-","-","-","-","-","-","-","-","-","-","-","-","-72.990","-71.486","-74.448","-108.742","-122.764","-143.111","-180.787","-127.061","-153.460","-236.503","-242.070","-258.471","-281.593","-338.759","","-","-","-","-","-","-","-","-","-","-","-","-","-","-","-","-","-","-","-","-","-","-","-","-","-","-","-","-","-","-","-","-","-","-","-","-","-","-","-","-","-","-","-","-","-","-","-","-","-","-","-","-","-","-","-","-","-","-","-","-","-","-","-","-","-","-","-","-","-","-","-","-","-","-","-","-","-","-","-","-","-","-","-","-","-","-","-","-","0.000","0.000","0.000","0.000","0.000","0.000","0.000","-33.070","-23.815","-20.789","-49.387","-28.407","-41.069","-37.022","-46.962","-37.339","-47.063","-54.733","-97.368","-71.732","-37.000","-40.008","-93.330","-48.576","-52.735","-67.554","-89.606","-54.014","-55.668","-59.716","-112.195","-111.180"
"Free Cash Flow","-","-","-","-","-","-","-","-","-","-","-","-","-","-","-","-","-","-3,282.772","1,915.521","3,519.648","-3,398.443","3,468.360","281.763","5,235.701","4,666.768","-8,724.876","2,269.575","575.755","555.293","-3,542.940","1,911.311","","-","-","-","-","-","-","-","-","-","-","-","-","-","-","-","-","-","-","-","-","-","-","-","-","-","-","-","-","-","-","-","-","-","-","-","-","-","-","-","-","-","-","-","-","-","-","-","-","-","-","-","-","-","-","-","-","-","-","-","-","-","-","-","-","-","-","-","-","-","-","-","-","-","-","-","-","-","-","-","-","-","-","-","-","-","-","-","-","0.000","0.000","0.000","0.000","0.000","0.000","0.000","1,649.943","-5,836.608","6,260.256","2,593.177","-9,215.802","-1,714.625","-1,765.800","3,971.351","1,699.430","26.717","-1,007.520","1,550.948","1,053.609","-2,752.328","-1,465.748","3,740.222","-3,275.465","1,794.679","-362.685","2,398.764","-1,611.546","1,288.683","972.388","-4,192.465","3,842.705"
"PE Ratio","-","-","-","-","-","-","-","-","-","-","-","-","-","-","-","-","-","12.780","14.250","16.340","8.010","9.500","13.210","9.640","9.730","10.890","9.560","16.730","10.630","10.270","11.000","","-","-","-","-","-","-","-","-","-","-","-","-","-","-","-","-","-","-","-","-","-","-","-","-","-","-","-","-","-","-","-","-","-","-","-","-","-","-","-","-","-","-","-","-","-","-","-","-","-","-","-","-","-","-","-","-","-","-","-","-","-","-","-","-","-","-","-","-","-","-","-","-","-","-","-","-","-","-","-","-","-","-","-","-","-","-","-","-","0.000","14.250","16.340","8.010","9.500","13.210","9.640","7.910","6.280","5.160","9.730","11.480","12.420","10.810","10.890","11.040","10.460","10.950","9.560","9.840","10.950","11.980","16.730","17.930","15.220","10.810","10.630","12.770","11.470","11.510","10.270","10.280"
"Price-to-Owner-Earnings","-","-","-","-","-","-","-","-","-","-","-","-","-","-","-","-","-","0.000","0.000","0.000","0.000","0.000","0.000","0.000","0.000","0.000","0.000","15.710","10.800","0.000","6.240","","-","-","-","-","-","-","-","-","-","-","-","-","-","-","-","-","-","-","-","-","-","-","-","-","-","-","-","-","-","-","-","-","-","-","-","-","-","-","-","-","-","-","-","-","-","-","-","-","-","-","-","-","-","-","-","-","-","-","-","-","-","-","-","-","-","-","-","-","-","-","-","-","-","-","-","-","-","-","-","-","-","-","-","-","-","-","-","-","0.000","0.000","0.000","0.000","0.000","0.000","0.000","0.000","0.000","0.000","0.000","0.000","0.000","0.000","0.000","0.000","0.000","0.000","0.000","6.520","135.100","51.010","15.710","0.000","8.830","6.970","10.800","6.230","7.520","4.670","0.000","5.940"
"PB Ratio","-","-","-","-","-","-","-","-","-","-","-","-","-","-","-","-","-","0.900","1.270","1.790","1.080","1.310","1.890","1.420","1.270","1.210","1.040","0.990","0.870","0.870","1.010","","-","-","-","-","-","-","-","-","-","-","-","-","-","-","-","-","-","-","-","-","-","-","-","-","-","-","-","-","-","-","-","-","-","-","-","-","-","-","-","-","-","-","-","-","-","-","-","-","-","-","-","-","-","-","-","-","-","-","-","-","-","-","-","-","-","-","-","-","-","-","-","-","-","-","-","-","-","-","-","-","-","-","-","-","-","-","-","-","0.900","1.270","1.790","1.080","1.310","1.890","1.420","1.410","1.330","1.250","1.270","1.360","1.360","1.180","1.210","1.250","1.230","1.240","1.040","1.050","2.380","0.830","0.990","0.870","0.950","0.860","0.870","0.930","0.900","0.880","0.870","0.940"
"Price-to-Tangible-Book","-","-","-","-","-","-","-","-","-","-","-","-","-","-","-","-","-","1.210","1.660","3.350","2.090","2.320","3.110","2.140","1.940","1.760","1.450","1.190","1.010","1.000","1.200","","-","-","-","-","-","-","-","-","-","-","-","-","-","-","-","-","-","-","-","-","-","-","-","-","-","-","-","-","-","-","-","-","-","-","-","-","-","-","-","-","-","-","-","-","-","-","-","-","-","-","-","-","-","-","-","-","-","-","-","-","-","-","-","-","-","-","-","-","-","-","-","-","-","-","-","-","-","-","-","-","-","-","-","-","-","-","-","-","1.210","1.660","3.350","2.090","2.320","3.110","2.140","2.060","1.920","1.780","1.940","2.040","2.030","1.730","1.760","1.790","1.740","1.740","1.450","1.440","3.230","1.120","1.190","1.130","1.110","1.000","1.010","1.080","1.040","1.010","1.000","1.090"
"Price-to-Free-Cash-Flow","-","-","-","-","-","-","-","-","-","-","-","-","-","-","-","-","-","0.000","3.260","3.310","0.000","3.290","66.800","3.110","3.850","0.000","8.570","18.120","277.060","0.000","11.780","","-","-","-","-","-","-","-","-","-","-","-","-","-","-","-","-","-","-","-","-","-","-","-","-","-","-","-","-","-","-","-","-","-","-","-","-","-","-","-","-","-","-","-","-","-","-","-","-","-","-","-","-","-","-","-","-","-","-","-","-","-","-","-","-","-","-","-","-","-","-","-","-","-","-","-","-","-","-","-","-","-","-","-","-","-","-","-","-","0.000","3.260","3.310","0.000","0.000","0.000","0.000","10.290","0.000","7.930","3.850","0.000","0.000","0.000","0.000","9.990","5.540","4.780","8.570","12.560","37.860","16.500","18.120","0.000","0.000","0.000","277.060","9.200","11.850","6.630","0.000","10.990"
"Price-to-Operating-Cash-Flow","-","-","-","-","-","-","-","-","-","-","-","-","-","-","-","-","-","0.000","3.140","3.240","0.000","3.180","44.290","3.010","3.740","0.000","7.760","15.580","56.070","0.000","10.020","","-","-","-","-","-","-","-","-","-","-","-","-","-","-","-","-","-","-","-","-","-","-","-","-","-","-","-","-","-","-","-","-","-","-","-","-","-","-","-","-","-","-","-","-","-","-","-","-","-","-","-","-","-","-","-","-","-","-","-","-","-","-","-","-","-","-","-","-","-","-","-","-","-","-","-","-","-","-","-","-","-","-","-","-","-","-","-","-","0.000","0.000","0.000","0.000","0.000","0.000","0.000","10.080","0.000","7.630","3.740","0.000","0.000","0.000","0.000","9.280","5.320","4.600","7.760","10.770","25.710","13.590","15.580","0.000","0.000","273.530","56.070","8.230","10.240","6.100","0.000","9.340"
"PS Ratio","-","-","-","-","-","-","-","-","-","-","-","-","-","-","-","-","-","1.560","2.050","3.440","2.870","3.680","4.630","3.800","3.600","3.350","3.080","4.630","2.920","3.140","3.440","","-","-","-","-","-","-","-","-","-","-","-","-","-","-","-","-","-","-","-","-","-","-","-","-","-","-","-","-","-","-","-","-","-","-","-","-","-","-","-","-","-","-","-","-","-","-","-","-","-","-","-","-","-","-","-","-","-","-","-","-","-","-","-","-","-","-","-","-","-","-","-","-","-","-","-","-","-","-","-","-","-","-","-","-","-","-","-","-","0.000","2.050","3.440","2.870","0.000","0.000","0.000","14.750","7.050","4.620","3.600","3.910","3.910","3.280","3.350","3.510","3.580","3.650","3.080","3.190","3.430","3.400","4.630","5.200","3.920","3.140","2.920","3.350","3.280","3.250","3.140","3.200"
"PEG Ratio","-","-","-","-","-","-","-","-","-","-","-","-","-","-","-","-","-","0.000","0.000","0.000","0.000","0.670","1.090","0.890","0.000","0.000","0.000","0.000","0.000","0.000","0.000","","-","-","-","-","-","-","-","-","-","-","-","-","-","-","-","-","-","-","-","-","-","-","-","-","-","-","-","-","-","-","-","-","-","-","-","-","-","-","-","-","-","-","-","-","-","-","-","-","-","-","-","-","-","-","-","-","-","-","-","-","-","-","-","-","-","-","-","-","-","-","-","-","-","-","-","-","-","-","-","-","-","-","-","-","-","-","-","-","0.000","0.000","0.000","0.000","0.670","1.090","0.890","0.000","0.000","0.000","0.000","0.000","0.000","0.000","0.000","0.000","0.000","0.000","0.000","0.000","0.000","0.000","0.000","0.000","0.000","0.000","0.000","0.000","0.000","0.000","0.000","0.000"
"EV-to-Revenue","-","-","-","-","-","-","-","-","-","-","-","-","-","-","-","-","-","-1.040","3.510","4.550","4.430","-0.440","3.670","1.050","0.890","2.920","1.890","2.020","2.510","2.460","1.990","","-","-","-","-","-","-","-","-","-","-","-","-","-","-","-","-","-","-","-","-","-","-","-","-","-","-","-","-","-","-","-","-","-","-","-","-","-","-","-","-","-","-","-","-","-","-","-","-","-","-","-","-","-","-","-","-","-","-","-","-","-","-","-","-","-","-","-","-","-","-","-","-","-","-","-","-","-","-","-","-","-","-","-","-","-","-","-","-","0.000","3.510","4.550","4.430","0.000","0.000","0.000","-4.340","-1.090","-2.890","0.890","2.700","3.800","3.100","2.920","2.690","2.530","2.920","1.890","2.100","6.470","2.470","2.020","2.660","2.350","2.160","2.510","2.650","2.200","1.600","2.460","0.000"
"EV-to-EBITDA","-","-","-","-","-","-","-","-","-","-","-","-","-","-","-","-","-","0.000","10.390","11.700","8.660","0.000","0.000","0.000","1.720","6.580","4.100","5.200","6.440","5.700","0.000","","-","-","-","-","-","-","-","-","-","-","-","-","-","-","-","-","-","-","-","-","-","-","-","-","-","-","-","-","-","-","-","-","-","-","-","-","-","-","-","-","-","-","-","-","-","-","-","-","-","-","-","-","-","-","-","-","-","-","-","-","-","-","-","-","-","-","-","-","-","-","-","-","-","-","-","-","-","-","-","-","-","-","-","-","-","-","-","-","0.000","10.390","11.700","8.660","0.000","0.000","0.000","-8.290","-2.030","-5.230","1.720","5.570","8.410","7.040","6.580","5.840","5.150","6.070","4.100","4.560","14.290","6.200","5.200","6.660","6.580","5.300","6.440","7.060","5.450","3.980","5.700","0.000"
"EV-to-EBIT","-","-","-","-","-","-","-","-","-","-","-","-","-","-","-","-","-","0.000","11.340","12.370","9.140","0.000","0.000","0.000","0.000","0.000","0.000","0.000","0.000","0.000","0.000","","-","-","-","-","-","-","-","-","-","-","-","-","-","-","-","-","-","-","-","-","-","-","-","-","-","-","-","-","-","-","-","-","-","-","-","-","-","-","-","-","-","-","-","-","-","-","-","-","-","-","-","-","-","-","-","-","-","-","-","-","-","-","-","-","-","-","-","-","-","-","-","-","-","-","-","-","-","-","-","-","-","-","-","-","-","-","-","-","0.000","11.340","12.370","9.140","0.000","0.000","0.000","0.000","0.000","0.000","0.000","0.000","0.000","0.000","0.000","0.000","0.000","0.000","0.000","0.000","0.000","0.000","0.000","0.000","0.000","0.000","0.000","0.000","0.000","0.000","0.000","0.000"
"Earnings Yield (Joel Greenblatt) %","-","-","-","-","-","-","-","-","-","-","-","-","-","-","-","-","-","0.000","8.820","8.080","10.940","0.000","0.000","0.000","0.000","0.000","0.000","0.000","0.000","0.000","0.000","","-","-","-","-","-","-","-","-","-","-","-","-","-","-","-","-","-","-","-","-","-","-","-","-","-","-","-","-","-","-","-","-","-","-","-","-","-","-","-","-","-","-","-","-","-","-","-","-","-","-","-","-","-","-","-","-","-","-","-","-","-","-","-","-","-","-","-","-","-","-","-","-","-","-","-","-","-","-","-","-","-","-","-","-","-","-","-","-","0.000","8.820","8.080","10.940","0.000","0.000","0.000","0.000","0.000","0.000","0.000","0.000","0.000","0.000","0.000","0.000","0.000","0.000","0.000","0.000","0.000","0.000","0.000","0.000","0.000","0.000","0.000","0.000","0.000","0.000","0.000","0.000"
"Forward Rate of Return (Yacktman) %","-","-","-","-","-","-","-","-","-","-","-","-","-","-","-","-","-","0.000","0.000","0.000","0.000","18.250","18.800","22.490","0.000","0.000","0.000","0.000","0.000","-21.040","0.000","","-","-","-","-","-","-","-","-","-","-","-","-","-","-","-","-","-","-","-","-","-","-","-","-","-","-","-","-","-","-","-","-","-","-","-","-","-","-","-","-","-","-","-","-","-","-","-","-","-","-","-","-","-","-","-","-","-","-","-","-","-","-","-","-","-","-","-","-","-","-","-","-","-","-","-","-","-","-","-","-","-","-","-","-","-","-","-","-","0.000","0.000","0.000","0.000","18.250","18.800","22.490","0.000","0.000","0.000","0.000","0.000","0.000","0.000","0.000","0.000","0.000","0.000","0.000","0.000","0.000","0.000","0.000","0.000","0.000","0.000","0.000","-5.750","-13.830","-6.640","-21.040","0.000"
"Shiller PE Ratio","-","-","-","-","-","-","-","-","-","-","-","-","-","-","-","-","-","0.000","0.000","0.000","0.000","0.000","0.000","14.340","0.000","0.000","0.000","0.000","0.000","0.000","0.000","","-","-","-","-","-","-","-","-","-","-","-","-","-","-","-","-","-","-","-","-","-","-","-","-","-","-","-","-","-","-","-","-","-","-","-","-","-","-","-","-","-","-","-","-","-","-","-","-","-","-","-","-","-","-","-","-","-","-","-","-","-","-","-","-","-","-","-","-","-","-","-","-","-","-","-","-","-","-","-","-","-","-","-","-","-","-","-","-","0.000","0.000","0.000","0.000","0.000","0.000","14.340","0.000","0.000","0.000","0.000","0.000","0.000","0.000","0.000","0.000","0.000","0.000","0.000","0.000","0.000","0.000","0.000","0.000","0.000","0.000","0.000","0.000","0.000","0.000","0.000","0.000"
"Dividend Yield %","-","-","-","-","-","-","-","-","-","-","-","-","-","-","-","-","-","0.000","0.000","0.000","0.000","0.000","2.580","3.930","3.050","2.770","1.350","0.990","3.610","2.400","2.670","","-","-","-","-","-","-","-","-","-","-","-","-","-","-","-","-","-","-","-","-","-","-","-","-","-","-","-","-","-","-","-","-","-","-","-","-","-","-","-","-","-","-","-","-","-","-","-","-","-","-","-","-","-","-","-","-","-","-","-","-","-","-","-","-","-","-","-","-","-","-","-","-","-","-","-","-","-","-","-","-","-","-","-","-","-","-","-","-","0.000","0.000","0.000","0.000","0.000","2.580","3.930","3.820","6.330","6.500","3.050","2.770","2.550","2.910","2.770","2.620","1.900","1.840","1.350","2.050","0.810","1.010","0.990","0.000","2.340","3.660","3.610","3.290","2.370","2.390","2.400","0.000"
"Market Cap","-","-","-","-","-","-","-","-","-","-","-","-","-","-","-","-","-","4,036.908","6,240.640","12,598.121","8,406.425","11,423.525","18,770.510","16,482.700","19,179.613","20,238.651","19,588.758","17,433.379","18,887.336","20,050.250","22,496.356","","-","-","-","-","-","-","-","-","-","-","-","-","-","-","-","-","-","-","-","-","-","-","-","-","-","-","-","-","-","-","-","-","-","-","-","-","-","-","-","-","-","-","-","-","-","-","-","-","-","-","-","-","-","-","-","-","-","-","-","-","-","-","-","-","-","-","-","-","-","-","-","-","-","-","-","-","-","-","-","-","-","-","-","-","-","-","-","-","4,036.908","6,240.640","12,598.121","8,406.425","11,423.525","18,770.510","16,482.700","16,977.888","16,546.689","16,116.284","19,179.613","21,073.590","21,527.072","19,258.044","20,238.651","21,437.156","21,764.025","22,725.160","19,588.758","20,386.614","47,658.054","17,095.165","17,433.379","20,417.452","20,208.958","18,646.733","18,887.336","20,731.933","20,290.828","20,170.552","20,050.250","20,972.535"
"Enterprise Value","-","-","-","-","-","-","-","-","-","-","-","-","-","-","-","-","-","-2,697.464","-2,973.396","-3,344.589","377.649","-1,368.893","14,867.338","4,510.682","4,317.268","17,371.744","11,960.143","12,497.881","15,534.612","15,687.881","12,992.758","","-","-","-","-","-","-","-","-","-","-","-","-","-","-","-","-","-","-","-","-","-","-","-","-","-","-","-","-","-","-","-","-","-","-","-","-","-","-","-","-","-","-","-","-","-","-","-","-","-","-","-","-","-","-","-","-","-","-","-","-","-","-","-","-","-","-","-","-","-","-","-","-","-","-","-","-","-","-","-","-","-","-","-","-","-","-","-","-","-2,697.464","-2,973.396","-3,344.589","377.649","-1,368.893","14,867.338","4,510.682","-4,987.719","-2,518.687","-9,986.696","4,317.268","13,618.389","20,161.105","17,651.695","17,371.744","16,295.533","15,366.945","17,992.328","11,960.143","13,354.859","41,633.916","15,674.945","12,497.881","16,685.659","14,827.972","13,719.648","15,534.612","16,363.365","13,646.618","9,903.856","15,687.881","11,468.937"
"Net Cash per Share","-","-","-","-","-","-","-","-","-","-","-","-","-","-","-","-","-","-36.110","-41.530","-32.850","-35.510","-37.970","-44.700","-49.210","-53.270","-57.640","-64.120","-62.050","-48.510","-47.840","-47.290","","-","-","-","-","-","-","-","-","-","-","-","-","-","-","-","-","-","-","-","-","-","-","-","-","-","-","-","-","-","-","-","-","-","-","-","-","-","-","-","-","-","-","-","-","-","-","-","-","-","-","-","-","-","-","-","-","-","-","-","-","-","-","-","-","-","-","-","-","-","-","-","-","-","-","-","-","-","-","-","-","-","-","-","-","-","-","-","-","-36.110","-41.530","-32.850","-35.510","-37.970","-44.700","-49.210","-49.720","-51.680","-53.200","-53.270","-54.100","-56.750","-56.120","-57.640","-58.760","-61.120","-61.650","-64.120","-65.730","-26.010","-61.850","-62.050","-52.620","-47.320","-46.540","-48.510","-47.430","-47.360","-47.150","-47.840","-47.290"
"Net Current Asset Value","-","-","-","-","-","-","-","-","-","-","-","-","-","-","-","-","-","0.000","0.000","0.000","0.000","0.000","0.000","0.000","0.000","0.000","0.000","0.000","0.000","0.000","0.000","","-","-","-","-","-","-","-","-","-","-","-","-","-","-","-","-","-","-","-","-","-","-","-","-","-","-","-","-","-","-","-","-","-","-","-","-","-","-","-","-","-","-","-","-","-","-","-","-","-","-","-","-","-","-","-","-","-","-","-","-","-","-","-","-","-","-","-","-","-","-","-","-","-","-","-","-","-","-","-","-","-","-","-","-","-","-","-","-","0.000","0.000","0.000","0.000","0.000","0.000","0.000","0.000","0.000","0.000","0.000","0.000","0.000","0.000","0.000","0.000","0.000","0.000","0.000","0.000","0.000","0.000","0.000","0.000","0.000","0.000","0.000","0.000","0.000","0.000","0.000","0.000"
"Net-Net Working Capital","-","-","-","-","-","-","-","-","-","-","-","-","-","-","-","-","-","-36.110","-41.530","-32.850","-35.510","-37.970","-44.700","-49.210","-53.270","-57.640","-64.120","-62.050","-48.510","-47.840","-47.290","","-","-","-","-","-","-","-","-","-","-","-","-","-","-","-","-","-","-","-","-","-","-","-","-","-","-","-","-","-","-","-","-","-","-","-","-","-","-","-","-","-","-","-","-","-","-","-","-","-","-","-","-","-","-","-","-","-","-","-","-","-","-","-","-","-","-","-","-","-","-","-","-","-","-","-","-","-","-","-","-","-","-","-","-","-","-","-","-","-36.110","-41.530","-32.850","-35.510","-37.970","-44.700","-49.210","-49.720","-51.680","-53.200","-53.270","-54.100","-56.750","-56.120","-57.640","-58.760","-61.120","-61.650","-64.120","-65.730","-26.010","-61.850","-62.050","-52.620","-47.320","-46.540","-48.510","-47.430","-47.360","-47.150","-47.840","-47.290"
"Intrinsic Value: Projected FCF","-","-","-","-","-","-","-","-","-","-","-","-","-","-","-","-","-","0.000","0.000","0.000","0.000","0.000","5.600","13.110","0.000","0.000","0.000","0.000","4.080","2.960","3.670","","-","-","-","-","-","-","-","-","-","-","-","-","-","-","-","-","-","-","-","-","-","-","-","-","-","-","-","-","-","-","-","-","-","-","-","-","-","-","-","-","-","-","-","-","-","-","-","-","-","-","-","-","-","-","-","-","-","-","-","-","-","-","-","-","-","-","-","-","-","-","-","-","-","-","-","-","-","-","-","-","-","-","-","-","-","-","-","-","0.000","0.000","0.000","0.000","0.000","0.000","0.000","0.000","0.000","0.000","0.000","0.000","0.000","0.000","0.000","0.000","0.000","0.000","0.000","0.000","0.000","0.000","0.000","3.370","3.210","3.110","4.080","3.550","4.110","4.590","2.960","3.670"
"Median PS Value","-","-","-","-","-","-","-","-","-","-","-","-","-","-","-","-","-","5.150","6.050","6.160","0.000","0.000","0.000","0.000","6.930","7.700","8.030","4.260","5.610","5.540","5.670","","-","-","-","-","-","-","-","-","-","-","-","-","-","-","-","-","-","-","-","-","-","-","-","-","-","-","-","-","-","-","-","-","-","-","-","-","-","-","-","-","-","-","-","-","-","-","-","-","-","-","-","-","-","-","-","-","-","-","-","-","-","-","-","-","-","-","-","-","-","-","-","-","-","-","-","-","-","-","-","-","-","-","-","-","-","-","-","-","0.000","0.000","0.000","0.000","0.000","0.000","0.000","1.700","3.410","5.070","6.930","7.010","7.170","7.490","7.700","7.790","7.760","7.860","8.030","8.070","6.980","5.690","4.260","3.940","4.550","5.150","5.610","5.370","5.370","5.370","5.540","5.670"
"Peter Lynch Fair Value","-","-","-","-","-","-","-","-","-","-","-","-","-","-","-","-","-","0.000","0.000","0.000","0.000","7.970","7.990","7.500","0.000","0.000","0.000","0.000","0.000","0.000","0.000","","-","-","-","-","-","-","-","-","-","-","-","-","-","-","-","-","-","-","-","-","-","-","-","-","-","-","-","-","-","-","-","-","-","-","-","-","-","-","-","-","-","-","-","-","-","-","-","-","-","-","-","-","-","-","-","-","-","-","-","-","-","-","-","-","-","-","-","-","-","-","-","-","-","-","-","-","-","-","-","-","-","-","-","-","-","-","-","-","0.000","0.000","0.000","0.000","0.000","0.000","0.000","0.000","0.000","0.000","0.000","0.000","0.000","0.000","0.000","0.000","0.000","0.000","0.000","0.000","0.000","0.000","0.000","0.000","0.000","0.000","0.000","0.000","0.000","0.000","0.000","0.000"
"Graham Number","-","-","-","-","-","-","-","-","-","-","-","-","-","-","-","-","-","2.490","3.120","3.510","4.230","5.010","6.030","7.290","7.850","8.050","9.080","5.100","6.760","7.390","7.400","","-","-","-","-","-","-","-","-","-","-","-","-","-","-","-","-","-","-","-","-","-","-","-","-","-","-","-","-","-","-","-","-","-","-","-","-","-","-","-","-","-","-","-","-","-","-","-","-","-","-","-","-","-","-","-","-","-","-","-","-","-","-","-","-","-","-","-","-","-","-","-","-","-","-","-","-","-","-","-","-","-","-","-","-","-","-","-","-","0.000","0.000","0.000","0.000","8.610","10.700","13.050","12.670","11.800","10.530","7.850","7.740","7.630","7.760","8.050","8.390","8.890","8.980","9.080","9.350","5.490","7.190","6.040","6.220","5.910","6.700","6.820","6.610","6.940","6.990","7.390","7.400"
"Earnings Power Value (EPV)","-","-","-","-","-","-","-","-","-","-","-","-","-","-","-","-","-","0.000","0.000","0.000","0.000","0.000","0.000","0.000","0.000","0.000","0.000","0.500","0.440","0.600","1.840","","-","-","-","-","-","-","-","-","-","-","-","-","-","-","-","-","-","-","-","-","-","-","-","-","-","-","-","-","-","-","-","-","-","-","-","-","-","-","-","-","-","-","-","-","-","-","-","-","-","-","-","-","-","-","-","-","-","-","-","-","-","-","-","-","-","-","-","-","-","-","-","-","-","-","-","-","-","-","-","-","-","-","-","-","-","-","-","-","0.000","0.000","0.000","0.000","0.000","0.000","0.000","0.000","0.000","0.000","0.000","0.000","0.000","0.000","0.000","0.000","0.000","0.000","0.000","2.100","0.690","0.030","0.500","0.680","1.010","0.870","0.440","0.690","1.240","2.120","0.600","1.840"
"Altman Z-Score","-","-","-","-","-","-","-","-","-","-","-","-","-","-","-","-","-","0.000","0.000","0.000","0.000","0.000","0.000","0.000","0.000","0.000","0.000","0.000","0.000","0.000","0.000","","-","-","-","-","-","-","-","-","-","-","-","-","-","-","-","-","-","-","-","-","-","-","-","-","-","-","-","-","-","-","-","-","-","-","-","-","-","-","-","-","-","-","-","-","-","-","-","-","-","-","-","-","-","-","-","-","-","-","-","-","-","-","-","-","-","-","-","-","-","-","-","-","-","-","-","-","-","-","-","-","-","-","-","-","-","-","-","-","0.000","0.000","0.000","0.000","0.000","0.000","0.000","0.000","0.000","0.000","0.000","0.000","0.000","0.000","0.000","0.000","0.000","0.000","0.000","0.000","0.000","0.000","0.000","0.000","0.000","0.000","0.000","0.000","0.000","0.000","0.000","0.000"
"Piotroski F-Score","-","-","-","-","-","-","-","-","-","-","-","-","-","-","-","-","-","0.000","0.000","0.000","0.000","6.000","5.000","5.000","0.000","0.000","0.000","0.000","0.000","0.000","0.000","","-","-","-","-","-","-","-","-","-","-","-","-","-","-","-","-","-","-","-","-","-","-","-","-","-","-","-","-","-","-","-","-","-","-","-","-","-","-","-","-","-","-","-","-","-","-","-","-","-","-","-","-","-","-","-","-","-","-","-","-","-","-","-","-","-","-","-","-","-","-","-","-","-","-","-","-","-","-","-","-","-","-","-","-","-","-","-","-","0.000","0.000","0.000","0.000","6.000","5.000","5.000","0.000","0.000","0.000","0.000","0.000","0.000","0.000","0.000","0.000","0.000","0.000","0.000","0.000","0.000","0.000","0.000","0.000","0.000","0.000","0.000","0.000","0.000","0.000","0.000","0.000"
"Beneish M-Score","-","-","-","-","-","-","-","-","-","-","-","-","-","-","-","-","-","0.000","0.000","0.000","0.000","0.000","0.000","0.000","0.000","-2.010","-2.440","-2.420","-2.510","-2.240","-2.370","","-","-","-","-","-","-","-","-","-","-","-","-","-","-","-","-","-","-","-","-","-","-","-","-","-","-","-","-","-","-","-","-","-","-","-","-","-","-","-","-","-","-","-","-","-","-","-","-","-","-","-","-","-","-","-","-","-","-","-","-","-","-","-","-","-","-","-","-","-","-","-","-","-","-","-","-","-","-","-","-","-","-","-","-","-","-","-","-","0.000","0.000","0.000","0.000","0.000","0.000","0.000","0.000","0.000","0.000","0.000","-0.390","-2.410","-2.860","-2.010","-2.260","-2.340","-2.440","-2.440","-2.460","-2.400","-2.380","-2.420","-2.350","-2.410","-2.440","-2.510","-2.520","-2.510","-2.490","-2.240","-2.370"
"Scaled Net Operating Assets","-","-","-","-","-","-","-","-","-","-","-","-","-","-","-","-","-","-0.025","-0.048","-0.086","-0.002","-0.039","0.053","-0.003","0.002","0.073","0.058","0.058","0.081","0.079","0.056","","-","-","-","-","-","-","-","-","-","-","-","-","-","-","-","-","-","-","-","-","-","-","-","-","-","-","-","-","-","-","-","-","-","-","-","-","-","-","-","-","-","-","-","-","-","-","-","-","-","-","-","-","-","-","-","-","-","-","-","-","-","-","-","-","-","-","-","-","-","-","-","-","-","-","-","-","-","-","-","-","-","-","-","-","-","-","-","-","-0.025","-0.048","-0.086","-0.002","-0.039","0.053","-0.003","-0.065","-0.043","-0.083","0.002","0.043","0.078","0.079","0.074","0.063","0.058","0.066","0.053","0.057","0.062","0.086","0.055","0.087","0.070","0.074","0.080","0.076","0.068","0.055","0.080","0.056"
"Sloan Ratio %","-","-","-","-","-","-","-","-","-","-","-","-","-","-","-","-","-","1.720","1.310","-4.450","6.270","-0.330","3.340","-2.710","-0.110","7.700","-0.740","2.090","1.830","0.990","-1.770","","-","-","-","-","-","-","-","-","-","-","-","-","-","-","-","-","-","-","-","-","-","-","-","-","-","-","-","-","-","-","-","-","-","-","-","-","-","-","-","-","-","-","-","-","-","-","-","-","-","-","-","-","-","-","-","-","-","-","-","-","-","-","-","-","-","-","-","-","-","-","-","-","-","-","-","-","-","-","-","-","-","-","-","-","-","-","-","-","0.000","0.000","0.000","0.000","0.000","0.000","0.000","0.550","3.600","0.360","-0.110","4.240","4.820","7.810","7.700","2.140","-0.150","-0.230","-0.740","0.550","0.210","1.830","2.070","1.280","2.540","0.280","1.830","2.050","-0.230","-0.860","0.990","-1.770"
"Current Ratio","-","-","-","-","-","-","-","-","-","-","-","-","-","-","-","-","-","0.000","0.000","0.000","0.000","0.000","0.000","0.000","0.000","0.000","0.000","0.000","0.000","0.000","0.000","","-","-","-","-","-","-","-","-","-","-","-","-","-","-","-","-","-","-","-","-","-","-","-","-","-","-","-","-","-","-","-","-","-","-","-","-","-","-","-","-","-","-","-","-","-","-","-","-","-","-","-","-","-","-","-","-","-","-","-","-","-","-","-","-","-","-","-","-","-","-","-","-","-","-","-","-","-","-","-","-","-","-","-","-","-","-","-","-","0.000","0.000","0.000","0.000","0.000","0.000","0.000","0.000","0.000","0.000","0.000","0.000","0.000","0.000","0.000","0.000","0.000","0.000","0.000","0.000","0.000","0.000","0.000","0.000","0.000","0.000","0.000","0.000","0.000","0.000","0.000","0.000"
"Quick Ratio","-","-","-","-","-","-","-","-","-","-","-","-","-","-","-","-","-","0.000","0.000","0.000","0.000","0.000","0.000","0.000","0.000","0.000","0.000","0.000","0.000","0.000","0.000","","-","-","-","-","-","-","-","-","-","-","-","-","-","-","-","-","-","-","-","-","-","-","-","-","-","-","-","-","-","-","-","-","-","-","-","-","-","-","-","-","-","-","-","-","-","-","-","-","-","-","-","-","-","-","-","-","-","-","-","-","-","-","-","-","-","-","-","-","-","-","-","-","-","-","-","-","-","-","-","-","-","-","-","-","-","-","-","-","0.000","0.000","0.000","0.000","0.000","0.000","0.000","0.000","0.000","0.000","0.000","0.000","0.000","0.000","0.000","0.000","0.000","0.000","0.000","0.000","0.000","0.000","0.000","0.000","0.000","0.000","0.000","0.000","0.000","0.000","0.000","0.000"
"Interest Coverage","","","","","","","","","","","","","","","","","","0.000","0.000","0.000","0.000","0.000","0.000","0.000","0.000","0.000","0.000","0.000","0.000","0.000","","","-","-","-","-","-","-","-","-","-","-","-","-","-","-","-","-","-","-","-","-","-","-","-","-","-","-","-","-","-","-","-","-","-","-","-","-","-","-","-","-","-","-","-","-","-","-","-","-","-","-","-","-","-","-","-","-","-","-","-","-","-","-","-","-","-","-","-","-","-","-","-","-","-","-","-","-","-","-","-","-","-","-","-","-","-","-","-","-","N/A","N/A","N/A","N/A","N/A","N/A","N/A","0.000","0.000","0.000","0.000","0.000","0.000","0.000","0.000","0.000","0.000","0.000","0.000","0.000","0.000","0.000","0.000","0.000","0.000","0.000","0.000","0.000","0.000","0.000","0.000","0.000"
"Highest Stock Price","-","-","-","-","-","-","-","-","-","-","-","-","-","-","-","-","-","2.340","3.420","5.940","3.870","5.320","8.150","7.200","7.190","8.120","8.880","7.120","5.170","5.280","5.620","","-","-","-","-","-","-","-","-","-","-","-","-","-","-","-","-","-","-","-","-","-","-","-","-","-","-","-","-","-","-","-","-","-","-","-","-","-","-","-","-","-","-","-","-","-","-","-","-","-","-","-","-","-","-","-","-","-","-","-","-","-","-","-","-","-","-","-","-","-","-","-","-","-","-","-","-","-","-","-","-","-","-","-","-","-","-","-","-","2.340","3.420","5.940","3.870","5.320","8.150","7.200","7.510","7.270","7.120","7.190","8.070","8.270","8.120","7.460","7.870","8.020","8.880","8.330","7.760","7.740","7.120","6.070","6.050","6.280","5.170","4.900","5.380","5.540","5.280","5.150","5.540"
"Lowest Stock Price","-","-","-","-","-","-","-","-","-","-","-","-","-","-","-","-","-","0.000","0.000","0.000","2.020","2.530","2.530","2.530","6.480","6.740","6.600","5.330","4.280","4.690","4.710","","-","-","-","-","-","-","-","-","-","-","-","-","-","-","-","-","-","-","-","-","-","-","-","-","-","-","-","-","-","-","-","-","-","-","-","-","-","-","-","-","-","-","-","-","-","-","-","-","-","-","-","-","-","-","-","-","-","-","-","-","-","-","-","-","-","-","-","-","-","-","-","-","-","-","-","-","-","-","-","-","-","-","-","-","-","-","-","-","2.020","2.650","5.140","2.530","4.690","6.780","6.110","6.530","6.730","6.480","6.750","7.140","7.810","6.740","7.000","7.120","7.460","7.460","6.600","6.830","6.650","5.500","5.330","5.010","4.840","4.280","4.550","4.690","5.050","4.780","4.720","5.000"
"Shares Buyback Ratio %","-","-","-","-","-","-","-","-","-","-","-","-","-","-","-","-","-","0.000","0.000","-18.100","0.000","0.000","0.000","-2.380","-13.130","-2.110","-1.000","-11.760","-30.420","0.000","0.000","","-","-","-","-","-","-","-","-","-","-","-","-","-","-","-","-","-","-","-","-","-","-","-","-","-","-","-","-","-","-","-","-","-","-","-","-","-","-","-","-","-","-","-","-","-","-","-","-","-","-","-","-","-","-","-","-","-","-","-","-","-","-","-","-","-","-","-","-","-","-","-","-","-","-","-","-","-","-","-","-","-","-","-","-","-","-","-","-","0.000","0.000","-18.100","0.000","0.000","0.000","-2.380","0.000","-1.400","0.000","-11.560","0.000","0.000","-2.110","0.000","0.000","0.000","-1.000","0.000","0.000","-151.410","55.550","0.000","-12.550","-13.840","-1.790","0.000","0.000","0.000","0.000","0.000","0.000"
"YoY Rev. per Sh. Growth","-","-","-","-","-","-","-","-","-","-","-","-","-","-","-","-","-","0.000","17.740","0.260","-4.670","-9.590","30.490","4.660","8.470","10.920","4.420","-60.870","70.060","0.000","5.630","","-","-","-","-","-","-","-","-","-","-","-","-","-","-","-","-","-","-","-","-","-","-","-","-","-","-","-","-","-","-","-","-","-","-","-","-","-","-","-","-","-","-","-","-","-","-","-","-","-","-","-","-","-","-","-","-","-","-","-","-","-","-","-","-","-","-","-","-","-","-","-","-","-","-","-","-","-","-","-","-","-","-","-","-","-","-","-","-","0.000","0.000","0.000","0.000","0.000","0.000","0.000","0.000","0.000","0.000","0.000","4.710","9.130","19.250","11.190","5.280","-1.490","4.740","8.560","1.860","-58.870","-62.650","-63.520","-16.610","80.730","76.680","56.360","-15.100","0.000","0.250","12.740","10.050"
"YoY EPS Growth","-","-","-","-","-","-","-","-","-","-","-","-","-","-","-","-","-","0.000","38.270","49.550","35.820","14.730","18.200","17.500","1.930","-7.710","9.240","-67.520","80.170","11.470","25.680","","-","-","-","-","-","-","-","-","-","-","-","-","-","-","-","-","-","-","-","-","-","-","-","-","-","-","-","-","-","-","-","-","-","-","-","-","-","-","-","-","-","-","-","-","-","-","-","-","-","-","-","-","-","-","-","-","-","-","-","-","-","-","-","-","-","-","-","-","-","-","-","-","-","-","-","-","-","-","-","-","-","-","-","-","-","-","-","-","0.000","0.000","0.000","0.000","-99.810","175.450","116.420","-59.340","-63.220","-66.940","-78.210","-27.570","-19.790","1.960","17.720","23.130","33.120","-4.810","-4.840","4.850","-60.490","-83.330","-70.620","-5.780","9.880","281.820","25.000","-23.310","40.450","-3.170","76.920","17.600"
"YoY EBITDA Growth","","","","","","","","","","","","","","","","","","0.000","0.000","0.000","0.000","0.000","0.000","0.000","0.000","0.000","0.000","0.000","0.000","0.000","","","","","","","","","","","","","","","","","","","","","","","","","","","","","","","","","","","","","","","","","","","","","","","","","","","","","","","","","","","","","","","","","","","","","","","","","","","","","","","","","","","","","","","","","","","","","","","","","","0.000","0.000","0.000","0.000","0.000","0.000","0.000","0.000","0.000","0.000","0.000","0.000","0.000","0.000","0.000","0.000","0.000","0.000","0.000","0.000","0.000","0.000","0.000","0.000","0.000"
"5-Year EBITDA Growth Rate","-","-","-","-","-","-","-","-","-","-","-","-","-","-","-","-","-","0.000","0.000","0.000","0.000","14.290","12.100","10.890","0.000","0.000","0.000","0.000","0.000","-13.440","0.000","","-","-","-","-","-","-","-","-","-","-","-","-","-","-","-","-","-","-","-","-","-","-","-","-","-","-","-","-","-","-","-","-","-","-","-","-","-","-","-","-","-","-","-","-","-","-","-","-","-","-","-","-","-","-","-","-","-","-","-","-","-","-","-","-","-","-","-","-","-","-","-","-","-","-","-","-","-","-","-","-","-","-","-","-","-","-","-","-","0.000","0.000","0.000","0.000","14.290","12.100","10.890","0.000","0.000","0.000","0.000","0.000","0.000","0.000","0.000","0.000","0.000","0.000","0.000","0.000","0.000","0.000","0.000","0.000","0.000","0.000","0.000","-3.300","-9.900","-12.950","-13.440","0.000"
"Shares Outstanding (Basic Average)","-","-","-","-","-","-","-","-","-","-","-","-","-","-","-","-","-","1,950.197","1,950.197","2,127.147","2,303.131","2,303.131","2,303.131","2,329.988","2,415.678","2,686.436","2,736.035","6,873.229","3,855.858","4,010.045","4,010.045","","-","-","-","-","-","-","-","-","-","-","-","-","-","-","-","-","-","-","-","-","-","-","-","-","-","-","-","-","-","-","-","-","-","-","-","-","-","-","-","-","-","-","-","-","-","-","-","-","-","-","-","-","-","-","-","-","-","-","-","-","-","-","-","-","-","-","-","-","-","-","-","-","-","-","-","-","-","-","-","-","-","-","-","-","-","-","-","-","1,950.197","1,950.197","2,127.147","2,303.131","2,303.131","2,303.131","2,329.988","2,358.043","2,364.953","2,391.138","2,548.362","2,667.543","2,667.543","2,693.899","2,716.470","2,723.908","2,723.908","2,744.696","2,751.397","2,751.230","6,916.989","6,921.169","6,921.694","3,460.585","3,939.368","4,010.045","4,010.045","4,010.045","4,010.045","4,010.045","4,010.045","4,010.045"
"Shares Outstanding (EOP)","-","-","-","-","-","-","-","-","-","-","-","-","-","-","-","-","-","1,950.197","1,950.200","2,303.130","2,303.130","2,303.130","2,303.130","2,358.040","2,667.540","2,723.910","2,751.230","3,074.670","4,010.050","4,010.050","4,010.050","","-","-","-","-","-","-","-","-","-","-","-","-","-","-","-","-","-","-","-","-","-","-","-","-","-","-","-","-","-","-","-","-","-","-","-","-","-","-","-","-","-","-","-","-","-","-","-","-","-","-","-","-","-","-","-","-","-","-","-","-","-","-","-","-","-","-","-","-","-","-","-","-","-","-","-","-","-","-","-","-","-","-","-","-","-","-","-","-","1,950.197","1,950.200","2,303.130","2,303.130","2,303.130","2,303.130","2,358.040","2,358.040","2,391.140","2,391.140","2,667.540","2,667.543","2,667.543","2,723.910","2,723.910","2,723.908","2,723.908","2,751.230","2,751.230","2,751.230","6,916.989","3,074.670","3,074.670","3,460.585","3,939.368","4,010.050","4,010.050","4,010.045","4,010.045","4,010.050","4,010.050","4,010.045"
"Beta","-","-","-","-","-","-","-","-","-","-","-","-","-","-","-","-","-","1.970","1.700","1.350","1.350","1.210","1.290","1.440","1.620","1.490","1.270","1.430","1.050","1.000","1.130","","-","-","-","-","-","-","-","-","-","-","-","-","-","-","-","-","-","-","-","-","-","-","-","-","-","-","-","-","-","-","-","-","-","-","-","-","-","-","-","-","-","-","-","-","-","-","-","-","-","-","-","-","-","-","-","-","-","-","-","-","-","-","-","-","-","-","-","-","-","-","-","-","-","-","-","-","-","-","-","-","-","-","-","-","-","-","-","-","1.970","1.700","1.350","1.350","1.210","1.290","1.440","1.440","1.690","1.790","1.620","1.550","1.540","1.570","1.490","1.400","1.410","1.200","1.270","1.100","1.070","1.260","1.430","1.660","1.310","1.250","1.050","1.080","1.140","1.150","1.000","0.000"
"Filing Date","-","-","-","-","-","-","-","-","-","-","-","-","-","-","-","-","-","12/31/06","","","","04/27/10","03/15/11","03/19/12","04/30/13","04/14/14","04/08/15","04/07/16","03/28/17","03/27/18","","","-","-","-","-","-","-","-","-","-","-","-","-","-","-","-","-","-","-","-","-","-","-","-","-","-","-","-","-","-","-","-","-","-","-","-","-","-","-","-","-","-","-","-","-","-","-","-","-","-","-","-","-","-","-","-","-","-","-","-","-","-","-","-","-","-","-","-","-","-","-","-","-","-","-","-","-","-","-","-","-","-","-","-","-","-","-","-","-","12/31/06","","","","04/27/10","03/15/11","03/19/12","","","","04/30/13","05/29/13","08/30/13","11/29/13","04/14/14","05/26/14","08/27/14","11/20/14","04/08/15","05/29/15","08/28/15","11/30/15","04/07/16","05/25/16","08/24/16","11/23/16","03/28/17","05/23/17","08/29/17","11/27/17","03/27/18","05/31/18"
"Restated Filing Date","-","-","-","-","-","-","-","-","-","-","-","-","-","-","-","-","-","12/31/06","12/31/07","12/31/08","04/27/10","03/15/11","03/19/12","04/30/13","04/14/14","04/08/15","04/07/16","03/28/17","03/27/18","03/27/18","","","-","-","-","-","-","-","-","-","-","-","-","-","-","-","-","-","-","-","-","-","-","-","-","-","-","-","-","-","-","-","-","-","-","-","-","-","-","-","-","-","-","-","-","-","-","-","-","-","-","-","-","-","-","-","-","-","-","-","-","-","-","-","-","-","-","-","-","-","-","-","-","-","-","-","-","-","-","-","-","-","-","-","-","-","-","-","-","-","12/31/06","12/31/07","12/31/08","04/27/10","03/15/11","03/19/12","04/30/13","05/29/13","08/30/13","11/29/13","04/14/14","05/26/14","08/27/14","11/20/14","04/08/15","05/29/15","08/28/15","11/30/15","04/07/16","05/25/16","08/24/16","11/23/16","03/28/17","05/23/17","08/29/17","11/27/17","03/27/18","05/31/18","08/29/17","11/27/17","03/27/18","05/31/18"
"Number of Shareholders","-","-","-","-","-","-","-","-","-","-","-","-","-","-","-","-","-","0.000","0.000","0.000","0.000","0.000","0.000","0.000","0.000","0.000","0.000","0.000","0.000","0.000","0.000","","-","-","-","-","-","-","-","-","-","-","-","-","-","-","-","-","-","-","-","-","-","-","-","-","-","-","-","-","-","-","-","-","-","-","-","-","-","-","-","-","-","-","-","-","-","-","-","-","-","-","-","-","-","-","-","-","-","-","-","-","-","-","-","-","-","-","-","-","-","-","-","-","-","-","-","-","-","-","-","-","-","-","-","-","-","-","-","-","0.000","0.000","0.000","0.000","0.000","0.000","0.000","0.000","0.000","0.000","0.000","0.000","0.000","0.000","0.000","0.000","0.000","0.000","0.000","0.000","0.000","0.000","0.000","0.000","0.000","0.000","0.000","0.000","0.000","0.000","0.000","0.000"
"Number of Employees","-","-","-","-","-","-","-","-","-","-","-","-","-","-","-","-","-","0.000","0.000","0.000","0.000","0.000","0.000","11,299.000","12,154.000","17,740.000","18,000.000","16,000.000","14,790.000","0.000","0.000","","-","-","-","-","-","-","-","-","-","-","-","-","-","-","-","-","-","-","-","-","-","-","-","-","-","-","-","-","-","-","-","-","-","-","-","-","-","-","-","-","-","-","-","-","-","-","-","-","-","-","-","-","-","-","-","-","-","-","-","-","-","-","-","-","-","-","-","-","-","-","-","-","-","-","-","-","-","-","-","-","-","-","-","-","-","-","-","-","0.000","0.000","0.000","0.000","0.000","0.000","11,299.000","0.000","0.000","11,299.000","12,154.000","0.000","0.000","0.000","17,740.000","0.000","0.000","0.000","18,000.000","0.000","0.000","0.000","16,000.000","0.000","0.000","0.000","14,790.000","0.000","0.000","0.000","0.000","0.000"
"Insider Shares Owned","","","","","","","","","","","","","","","","","","0.000","0.000","0.000","0.000","0.000","0.000","0.000","0.000","0.000","0.000","0.000","0.000","0.000","","","","","","","","","","","","","","","","","","","","","","","","","","","","","","","","","","","","","","","","","","","","","","","","","","","","","","","","","","","","","","","","","","","","","","","","","","","","","","","","","","","","","","","","","","","","","","","","","","0.000","0.000","0.000","0.000","0.000","0.000","0.000","0.000","0.000","0.000","0.000","0.000","0.000","0.000","0.000","0.000","0.000","0.000","0.000","0.000","0.000","0.000","0.000","0.000","0.000"
"Institution Shares Held","","","","","","","","","","","","","","","","","","0.000","0.000","0.000","0.000","0.000","0.000","0.000","0.000","0.000","0.000","0.000","0.000","0.000","","","","","","","","","","","","","","","","","","","","","","","","","","","","","","","","","","","","","","","","","","","","","","","","","","","","","","","","","","","","","","","","","","","","","","","","","","","","","","","","","","","","","","","","","","","","","","","","","","0.000","0.000","0.000","0.000","0.000","0.000","0.000","0.000","0.000","0.000","0.000","0.000","0.000","0.000","0.000","0.000","0.000","0.000","0.000","0.000","0.000","0.000","0.000","0.000","0.000"
"Insider Ownership %","","","","","","","","","","","","","","","","","","0.000","0.000","0.000","0.000","0.000","0.000","0.000","0.000","0.000","0.000","0.000","0.000","0.000","","","","","","","","","","","","","","","","","","","","","","","","","","","","","","","","","","","","","","","","","","","","","","","","","","","","","","","","","","","","","","","","","","","","","","","","","","","","","","","","","","","","","","","","","","","","","","","","","","0.000","0.000","0.000","0.000","0.000","0.000","0.000","0.000","0.000","0.000","0.000","0.000","0.000","0.000","0.000","0.000","0.000","0.000","0.000","0.000","0.000","0.000","0.000","0.000","0.000"
"Institutional Ownership %","","","","","","","","","","","","","","","","","","0.000","0.000","0.000","0.000","0.000","0.000","0.000","0.000","0.000","0.000","0.000","0.000","0.000","","","","","","","","","","","","","","","","","","","","","","","","","","","","","","","","","","","","","","","","","","","","","","","","","","","","","","","","","","","","","","","","","","","","","","","","","","","","","","","","","","","","","","","","","","","","","","","","","","0.000","0.000","0.000","0.000","0.000","0.000","0.000","0.000","0.000","0.000","0.000","0.000","0.000","0.000","0.000","0.000","0.000","0.000","0.000","0.000","0.000","0.000","0.000","0.000","0.000"
"Price-to-Net-Current-Asset-Value","","","","","","","","","","","","","","","","","","0.000","0.000","0.000","0.000","0.000","0.000","0.000","0.000","0.000","0.000","0.000","0.000","0.000","","","","","","","","","","","","","","","","","","","","","","","","","","","","","","","","","","","","","","","","","","","","","","","","","","","","","","","","","","","","","","","","","","","","","","","","","","","","","","","","","","","","","","","","","","","","","","","","","","0.000","0.000","0.000","0.000","0.000","0.000","0.000","0.000","0.000","0.000","0.000","0.000","0.000","0.000","0.000","0.000","0.000","0.000","0.000","0.000","0.000","0.000","0.000","0.000","0.000"
"Price-to-Net-Net-Working-Capital","","","","","","","","","","","","","","","","","","0.000","0.000","0.000","0.000","0.000","0.000","0.000","0.000","0.000","0.000","0.000","0.000","0.000","","","","","","","","","","","","","","","","","","","","","","","","","","","","","","","","","","","","","","","","","","","","","","","","","","","","","","","","","","","","","","","","","","","","","","","","","","","","","","","","","","","","","","","","","","","","","","","","","","0.000","0.000","0.000","0.000","0.000","0.000","0.000","0.000","0.000","0.000","0.000","0.000","0.000","0.000","0.000","0.000","0.000","0.000","0.000","0.000","0.000","0.000","0.000","0.000","0.000"
"Price-to-Graham-Number","-","-","-","-","-","-","-","-","-","-","-","-","-","-","-","-","-","0.830","1.030","1.560","0.860","0.990","1.350","0.960","0.920","0.920","0.780","1.110","0.700","0.680","0.770","","-","-","-","-","-","-","-","-","-","-","-","-","-","-","-","-","-","-","-","-","-","-","-","-","-","-","-","-","-","-","-","-","-","-","-","-","-","-","-","-","-","-","-","-","-","-","-","-","-","-","-","-","-","-","-","-","-","-","-","-","-","-","-","-","-","-","-","-","-","-","-","-","-","-","-","-","-","-","-","-","-","-","-","-","-","-","-","-","0.000","0.000","0.000","0.000","0.580","0.760","0.540","0.570","0.590","0.640","0.920","1.020","1.060","0.910","0.920","0.940","0.900","0.920","0.780","0.790","1.260","0.770","0.940","0.950","0.870","0.690","0.690","0.780","0.730","0.720","0.680","0.710"
"Price-to-Intrinsic-Value-DCF (Earnings Based)","","","","","","","","","","","","","","","","","","0.000","0.000","0.000","0.000","0.000","0.000","0.000","0.000","0.000","0.000","0.000","0.000","0.000","","","","","","","","","","","","","","","","","","","","","","","","","","","","","","","","","","","","","","","","","","","","","","","","","","","","","","","","","","","","","","","","","","","","","","","","","","","","","","","","","","","","","","","","","","","","","","","","","","0.000","0.000","0.000","0.000","0.000","0.000","0.000","0.000","0.000","0.000","0.000","0.000","0.000","0.000","0.000","0.000","0.000","0.000","0.000","0.000","0.000","0.000","0.000","0.000","0.000"
"Price-to-Intrinsic-Value-DCF (FCF Based)","","","","","","","","","","","","","","","","","","0.000","0.000","0.000","0.000","0.000","0.000","0.000","0.000","0.000","0.000","0.000","0.000","0.000","","","","","","","","","","","","","","","","","","","","","","","","","","","","","","","","","","","","","","","","","","","","","","","","","","","","","","","","","","","","","","","","","","","","","","","","","","","","","","","","","","","","","","","","","","","","","","","","","","0.000","0.000","0.000","0.000","0.000","0.000","0.000","0.000","0.000","0.000","0.000","0.000","0.000","0.000","0.000","0.000","0.000","0.000","0.000","0.000","0.000","0.000","0.000","0.000","0.000"
"Price-to-Earnings-Power-Value","-","-","-","-","-","-","-","-","-","-","-","-","-","-","-","-","-","0.000","0.000","0.000","0.000","0.000","0.000","0.000","0.000","0.000","0.000","11.340","10.700","8.330","","","-","-","-","-","-","-","-","-","-","-","-","-","-","-","-","-","-","-","-","-","-","-","-","-","-","-","-","-","-","-","-","-","-","-","-","-","-","-","-","-","-","-","-","-","-","-","-","-","-","-","-","-","-","-","-","-","-","-","-","-","-","-","-","-","-","-","-","-","-","-","-","-","-","-","-","-","-","-","-","-","-","-","-","-","-","-","-","-","0.000","0.000","0.000","0.000","0.000","0.000","0.000","0.000","0.000","0.000","0.000","0.000","0.000","0.000","0.000","0.000","0.000","0.000","0.000","3.530","9.990","185.330","11.340","8.680","5.080","5.340","10.700","7.490","4.080","2.370","8.330","2.840"
"Price-to-Intrinsic-Value-Projected-FCF","-","-","-","-","-","-","-","-","-","-","-","-","-","-","-","-","-","0.000","0.000","0.000","0.000","0.000","1.460","0.530","0.000","0.000","0.000","0.000","1.150","1.690","1.560","","-","-","-","-","-","-","-","-","-","-","-","-","-","-","-","-","-","-","-","-","-","-","-","-","-","-","-","-","-","-","-","-","-","-","-","-","-","-","-","-","-","-","-","-","-","-","-","-","-","-","-","-","-","-","-","-","-","-","-","-","-","-","-","-","-","-","-","-","-","-","-","-","-","-","-","-","-","-","-","-","-","-","-","-","-","-","-","-","0.000","0.000","0.000","0.000","0.000","0.000","0.000","0.000","0.000","0.000","0.000","0.000","0.000","0.000","0.000","0.000","0.000","0.000","0.000","0.000","0.000","0.000","0.000","1.750","1.600","1.500","1.150","1.460","1.230","1.100","1.690","1.430"
"Price-to-Peter-Lynch-Fair-Value","-","-","-","-","-","-","-","-","-","-","-","-","-","-","-","-","-","0.000","0.000","0.000","0.000","0.620","1.020","0.930","0.000","0.000","0.000","0.000","0.000","0.000","","","","","","","","","","","","","","","","","","","","","","","","","","","","","","","","","","","","","","","","","","","","","","","","","","","","","","","","","","","","","","","","","","","","","","","","","","","","","","","","","","","","","","","","","","","","","","","","","","0.000","0.000","0.000","0.000","0.000","0.000","0.000","0.000","0.000","0.000","0.000","0.000","0.000","0.000","0.000","0.000","0.000","0.000","0.000","0.000","0.000","0.000","0.000","0.000","0.000"
"Price-to-Median-PB-Value","-","-","-","-","-","-","-","-","-","-","-","-","-","-","-","-","-","0.820","1.160","1.630","0.980","1.200","1.720","1.300","1.160","1.100","0.950","0.900","0.790","0.790","0.000","","-","-","-","-","-","-","-","-","-","-","-","-","-","-","-","-","-","-","-","-","-","-","-","-","-","-","-","-","-","-","-","-","-","-","-","-","-","-","-","-","-","-","-","-","-","-","-","-","-","-","-","-","-","-","-","-","-","-","-","-","-","-","-","-","-","-","-","-","-","-","-","-","-","-","-","-","-","-","-","-","-","-","-","-","-","-","-","-","0.820","1.160","1.630","0.980","1.200","1.720","1.300","1.290","1.220","1.140","1.160","1.240","1.240","1.070","1.100","1.140","1.120","1.130","0.950","0.960","2.170","0.760","0.900","0.790","0.870","0.790","0.790","0.850","0.820","0.800","0.790","0.860"
"Price-to-Median-PS-Value","-","-","-","-","-","-","-","-","-","-","-","-","-","-","-","-","-","0.400","0.530","0.890","0.000","0.000","0.000","0.000","1.040","0.960","0.890","1.330","0.840","0.900","1.010","","-","-","-","-","-","-","-","-","-","-","-","-","-","-","-","-","-","-","-","-","-","-","-","-","-","-","-","-","-","-","-","-","-","-","-","-","-","-","-","-","-","-","-","-","-","-","-","-","-","-","-","-","-","-","-","-","-","-","-","-","-","-","-","-","-","-","-","-","-","-","-","-","-","-","-","-","-","-","-","-","-","-","-","-","-","-","-","-","0.000","0.000","0.000","0.000","0.000","0.000","0.000","4.240","2.030","1.330","1.040","1.130","1.130","0.940","0.960","1.010","1.030","1.050","0.890","0.920","0.990","0.980","1.330","1.500","1.130","0.900","0.840","0.960","0.940","0.940","0.900","0.920"
"Price-to-Net-Cash","","","","","","","","","","","","","","","","","","0.000","0.000","0.000","0.000","0.000","0.000","0.000","0.000","0.000","0.000","0.000","0.000","0.000","","","","","","","","","","","","","","","","","","","","","","","","","","","","","","","","","","","","","","","","","","","","","","","","","","","","","","","","","","","","","","","","","","","","","","","","","","","","","","","","","","","","","","","","","","","","","","","","","","0.000","0.000","0.000","0.000","0.000","0.000","0.000","0.000","0.000","0.000","0.000","0.000","0.000","0.000","0.000","0.000","0.000","0.000","0.000","0.000","0.000","0.000","0.000","0.000","0.000"
